4867 6734
532 548 628 602 XLIV
1065 545 1383 601 Pacensem-:non
1402 547 1531 602 chet-'T
1552 548 1600 602 lv.

532 701 597 760 loco
619 701 852 776 intellegendum
874 708 929 760 est.
1013 702 1072 760 698
1082 702 1206 776 11181188
1228 721 1286 760 non
1307 702 1525 762 nominativum
1538 701 1749 783 [Burmannus,
1764 705 1910 781 Wagner,
1925 706 2071 786 Huguetl,
2086 706 2140 764 aed

532 809 736 868 accusativum
758 827 826 866 cum
847 806 993 867 0811881110
1015 817 1045 866 81
1066 808 1210 888 Langeno
1231 816 1313 886 puto.
1395 809 1455 868 715
1476 811 1559 869 locus
1580 813 1807 871 vexatissimua:
1830 814 1967 872 codicum
1980 813 2139 872 lectionem

531 916 652 974 servavi
674 914 812 974 Canusini
834 916 1062 994 explicationem
1084 923 1214 992 secutus,
1238 918 1289 993 qui
1311 923 1380 994 post
1400 937 1451 978 nec
1471 919 1546 978 haec
1566 918 1750 978 aubaudivit:
1772 919 1923 1000 Tyrrheni
1952 921 2062 995 maria,
2084 939 2140 978 1188

530 1023 636 1100 Aegei,
658 1041 713 1080 nec
734 1022 870 1100 Syrtium
891 1025 980 1082 litora
1000 1025 1118 1102 longius
1149 1030 1315 1085 cesserunt.
1346 1025 1469 1096 Harlea,
1490 1027 1667 1100 Delamalle,
1697 1028 1749 1086 alii
1780 1034 1876 1086 totum
1897 1028 1995 1086 locum
2015 1046 2141 1106 prorsus

529 1148 588 1186 non
608 1128 828 1188 intellexerunt.
912 1131 971 1189 726
993 1131 1104 1191 termido
1125 1131 1202 1206 riget
1224 1132 1323 1190 ardua
1342 1133 1454 1205 fluctu:
1481 1131 1585 1201 Buaio,
1608 1133 1755 1212 Wagner,
1777 1132 1925 1202 Causam,
1947 1132 2075 1207 Langen
2096 1133 2140 1188 ita

528 1235 727 1313 explicarunt:
750 1237 789 1296 ad
811 1239 956 1297 montium
978 1239 1167 1298 altitudinem
1186 1237 1298 1298 fluctus
1318 1239 1419 1317 erigit:
1439 1241 1520 1315 quod
1541 1241 1644 1319 probo.
1665 1243 1831 1320 Perperam
1850 1241 2054 1313 Burmannus,
2066 1239 2137 1302 Piu-

528 1342 676 1418 demonte,
697 1343 875 1414 Delamalle,
897 1345 1052 1407 Bendicho
1071 1367 1093 1424 y
1114 1345 1228 1424 Quilty,
1250 1347 1301 1404 alii
1322 1347 1360 1406 de
1381 1349 1483 1426 specie
1502 1349 1624 1426 glaciali
1645 1350 1866 1426 cogitaverunt.

612 1449 679 1508 Lib.
701 1450 730 1508 V
751 1453 789 1510 22
807 1455 972 1530 praecipiti
991 1454 1150 1528 providum
1170 1460 1252 1513 sorte
1270 1453 1418 1530 Wagner,
1440 1456 1616 1532 Delamalle,
1637 1456 1778 1534 Hugnet,
1800 1455 1956 1514 Bendicho
1975 1476 1997 1531 y
2020 1453 2134 1529 Quilty,

529 1559 689 1638 Gebbing,
711 1560 837 1638 Langen
859 1563 1217 1639 recteinterpretantur:
1240 1563 1329 1639 gravi
1357 1562 1462 1622 morbo
1482 1569 1653 1642 gravatum.
1674 1565 1839 1641 Perperam
1863 1563 2030 1636 Maserius,
2052 1561 2135 1622 Pius.

526 1666 680 1740 Barthiua,
702 1667 843 1744 Bulaeus,
860 1668 1061 1739 Burmannus,
1076 1667 1178 1744 Buzio,
1201 1668 1270 1726 alii:
1292 1668 1509 1744 grandaevum.
1591 1670 1630 1729 39
1652 1676 1714 1730 tuto
1735 1669 1781 1728 hic
1804 1668 1865 1728 dici
1886 1686 1993 1728 censeo
2009 1686 2068 1725 non
2089 1686 2136 1725 18-

526 1781 633 1852 spectu
656 1775 747 1832 maria
769 1771 944 1855 [Heinsina]‚
966 1774 1020 1833 sed
1040 1779 1075 1832 111
1096 1780 1264 1851 opponatur
1284 1775 1383 1834 hostili
1405 1781 1505 1835 terrae
1525 1775 1696 1858 [Maserius
1714 1777 1798 1849 Pius,
1812 1775 2013 1848 Burmannus,
2028 1775 2133 1835 Buzio.

527 1879 673 1962 Langen].
758 1882 816 1940 156
842 1882 962 1941 Titania
982 1882 1051 1954 satu
1074 1887 1242 1940 morantem
1264 1881 1296 1939 id
1316 1887 1364 1940 eat
1382 1883 1554 1942 Promethei
1578 1884 1725 1963 supplicio
1744 1883 1834 1942 finem
1856 1884 2080 1961 impositurum,
2105 1890 2138 1941 nt

526 1989 729 2062 Burmannus,
753 1987 891 2058 Causam,
912 1987 968 2046 Ph.
991 1987 1138 2065 Wagner,
1161 1987 1303 2047 Schenkl.
1324 1989 1405 2049 Male
1425 1991 1518 2049 Pius:
1540 1990 1712 2049 tardantem
1733 1999 1860 2052 mortem
1881 1990 2062 2049 Promethei.
2077 1989 2139 2047 Im-

527 2098 633 2155 merito
655 2095 882 2174 Eyssenhardt,
905 2095 1009 2170 Koch,
1031 2095 1176 2172 Langen,
1198 2095 1284 2173 Bury
1305 2097 1442 2157 codicum
1463 2098 1621 2158 lectionem
1642 2105 1836 2157 vexaveramt.
1920 2100 1979 2158 166
1998 2098 2087 2158 Thilo
2107 2107 2139 2158 et

530 2207 656 2282 Langen
680 2207 803 2262 censent
823 2201 972 2261 Hiberum
995 2221 1062 2262 8888
1083 2200 1227 2274 fluvium,
1249 2202 1304 2262 sed
1324 2205 1385 2262 iam
1405 2204 1556 2262 Maserius
1576 2210 1660 2262 recte
1680 2204 1759 2262 vidit
1779 2223 1846 2263 esse
1866 2212 1988 2282 gentem
2016 2205 2138 2280 eiusque

526 2312 712 2372 sententiam
733 2311 904 2388 nuperrime
924 2309 1045 2368 Heeren
1067 2308 1265 2368 confirmavit.
1347 2312 1407 2370 246
1427 2313 1499 2371 haec
1519 2312 1582 2371 titi.
1604 2312 1677 2370 Pius
1697 2310 1922 2390 subintellegit:
1944 2313 2138 2389 8181188011-

531 2421 636 2492 mitto3
658 2417 887 2477 Brouhirusius:
909 2417 989 2488 sint:
1013 2416 1200 2476 881118811118
1222 2417 1389 2496 explicatur
1412 2419 1438 2476 ai
1467 2418 1627 2477 audiatur:
1657 2417 1725 2477 dico
1752 2415 1974 2498 [Burmannus,
2002 2419 2137 2496 Hugnet.

525 2525 667 2597 Schenkl,
689 2523 839 2606 Langen].
866 2523 933 2583 Non
954 2524 1028 2582 nulli
1048 2523 1144 2584 verba
1165 2523 1280 2584 tradita
1299 2531 1441 2603 suspecta
1462 2523 1641 2584 habuerunt.
1724 2526 1783 2584 282
1801 2533 1941 2602 petamus
1955 2527 2087 2587 Schenkl
2108 2538 2138 2585 et

528 2633 685 2692 Baehrens
707 2632 930 2692 coniunctivum
952 2629 1155 2690 dubitativum
1175 2633 1433 2710 interpretantnr3
1450 2632 1537 2690 'l'bilo
1550 2640 1654 2692 censet
1663 2639 1803 2708 petamus
1817 2654 1835 2692 8
1848 2633 1942 2693 verbo
1956 2637 2138 2713 181118888-

529 2741 621 2804 dere:
644 2740 829 2799 Samuellson
851 2745 939 2816 putat
956 2745 1096 2814 petamus
1116 2738 1272 2798 modorum
1292 2740 1508 2799 assimilatione
1527 2741 1658 2818 positum
1678 2759 1746 2800 ease
1766 2761 1822 2819 pro
1842 2743 1982 2818 petimus.
2010 2743 2136 2820 Langen

524 2850 654 2926 petieras
675 2850 839 2927 proposuit.
863 2847 998 2906 Γ1111101118
1020 2849 1172 2907 sententia
1192 2850 1257 2908 veri
1277 2849 1403 2908 similior
1422 2849 1495 2908 1111111
1507 2849 1638 2908 videtur.
1719 2851 1813 2909 3067
1835 2852 1919 2912 cauis
1946 2853 1996 2912 ubi
2017 2853 2138 2913 tollitur·

525 2959 623 3019 081818
643 2957 895 3034 campanaquie:
915 2957 988 3015 Pius
1010 2962 1040 3016 81
1059 2975 1140 3032 seqq.
1163 2960 1249 3017 nivea
1270 2959 1450 3035 intellegunt
1468 2958 1577 3035 quibua
1599 2978 1722 3037 campus
1743 2966 1873 3036 tegatur.
1888 2961 2014 3038 Langen
2035 2969 2135 3020 autem

526 3085 608 3124 mare
619 3066 705 3124 cuins
718 3062 816 3121 undae
828 3063 859 3119 vi
870 3067 1027 3120 ventorum
1039 3062 1187 3120 excitatae
1198 3071 1369 3121 canescant:
1383 3064 1498 3122 melina.
1579 3065 1637 3123 371
1650 3067 1743 3125 caelo:
1756 3065 1873 3124 scilicet
1883 3067 2006 3125 caelesti
2017 3066 2134 3128 ardore.

526 3181 559 3232 ut
579 3173 639 3231 iarn
659 3172 731 3230 Pius
753 3171 870 3228 statuit.
952 3170 1013 3228 394
1034 3171 1120 3230 eirea
1141 3169 1296 3248 plerisque
1316 3178 1490 3250 suspectum
1510 3171 1587 3245 fuit,
1609 3172 1664 3231 sed
1685 3178 1768 3232 recte
1789 3173 1929 3232 Koestlin
1952 3175 2134 3252 explicavit:

527 3285 636 3338 natura
657 3275 762 3351 factos,
778 3295 838 3334 non
852 3283 917 3334 arte
932 3276 1092 3335 hominum.
1173 3277 1289 3336 41854
1299 3279 1331 3336 in
1342 3277 1524 3354 imaginibus
1534 3279 1745 3338 enumerandis
1759 3297 1834 3355 quaa
1847 3278 1987 3338 Valerius
1998 3280 2133 3338 narravit

527 3385 658 3443 caelatas
673 3403 741 3442 8888
763 3384 794 3440 in
814 3380 930 3441 foribus
945 3383 1050 3460 templi
1064 3383 1146 3442 Solia
1160 3384 1218 3442 viri
1234 3383 1315 3443 docti
1330 3384 1491 3444 admodum
1505 3386 1585 3443 inter
1598 3403 1632 3443 88
1646 3384 1837 3444 dissentiunt.
1852 3385 1991 3463 Wagner
2005 3386 2135 3460 quinque¹

527 3494 674 3569 imagines
695 3491 852 3550 distinxit:
874 3491 998 3568 418-24,
1020 3491 1726 3568 425-28,429-32,43341,442-54.0818818118
1747 3499 1779 3551 81
1798 3493 1934 3568 Genesin,
1946 3499 1980 3552 ut
2003 3493 2133 3566 11118181,

525 3621 598 3659 sex:
621 3600 763 3674 418424,
786 3598 909 3672 425-28,
929 3599 1052 3674 42932,
1074 3599 1197 3674 433-39,
1218 3601 1342 3674 44041,
1363 3600 1486 3658 442-54.
1508 3600 1658 3676 Meyncke
1679 3599 1856 3658 duodecim:
1871 3600 1994 3661 418-19.
2009 3600 2134 3673 41924,

524 3709 648 3785 425-28,
674 3707 797 3782 429-32,
821 3705 944 3784 ese-35,
966 3706 1089 3782 436-37,
1112 3705 1234 3783 43839,
1256 3708 1379 3781 44041,
1400 3708 1524 3782 44245,
1545 3706 1668 3779 44649,
1690 3707 2135 3782 metamaucensem

526 3839 547 3895 y
570 3816 684 3895 Quilty,
707 3823 740 3875 111
762 3815 891 3886 videtur,
915 3822 1001 3875 octo:
1023 3815 1284 3900 418-24,42a28,
1300 3816 1423 3891 429-32,
1437 3816 1561 3889 aee-37,
1577 3816 1699 3890 438-39,
1714 3817 1838 3892 44041,
1853 3817 1996 3888 442445,
2010 3819 2134 3875 446-54.

524 3925 763 3986 Kennerknecht
777 3943 901 3984 novem:
917 3925 1039 4000 418-24,
1055 3925 1177 4001 425-28,
1193 3926 1316 3999 429-32,
1331 3925 1454 4002 ces-37,
1470 3926 1593 3997 438-39,
1607 3927 1730 4000 44041,
1741 3926 1865 3997 44245,
1876 3920 1999 3998 44649,
2010 3927 2134 3985 450-54.

523 4035 649 4109 Langen
671 4033 795 4092 decem:
817 4031 940 4102 418-19,
962 4033 1085 4098 419-24,
1107 4032 1231 4104 425-28,
1253 4032 1376 4102 429-32,
1397 4032 1528 4108 cte-37,
1550 4031 1681 4103 438-39,
1703 4033 1833 4107 44041,
1856 4032 1987 4105 44245,
2009 4032 2134 4100 44649,

523 4144 645 4202 450-54.
668 4141 826 4201 Rossbach
848 4149 936 4201 octo:
958 4141 1080 4218 418-19,
1104 4143 1227 4216 419-24,
1249 4143 1380 4212 42528,
1402 4142 1533 4217 429-32,
1555 4142 1685 4212 433-37,
1706 4141 1838 4213 438-39,
1859 4142 1988 4216 44041,
2010 4140 2134 4198 442-54.

525 4247 601 4306 Mihi
622 4247 743 4323 quidem
764 4248 912 4325 imagines
933 4247 1059 4326 Langen
1081 4255 1162 4306 18818
1184 4247 1377 4309 distribuisse
1397 4248 1538 4308 videtur:
1561 4249 1624 4326 ipse
1638 4253 1738 4307 autem
1751 4247 1971 4325 vituperandus
1984 4253 2032 4305 est
2045 4246 2134 4322 qnod,

524 4357 590 4415 sine
612 4357 673 4414 ulla
693 4355 907 4434 probabilitate
929 4377 957 4414 v.
980 4357 1048 4432 436,
1070 4358 1146 4415 88118
1166 4375 1226 4414 non
1250 4357 1453 4427 intellectum,
1476 4364 1553 4434 post.
1576 4377 1604 4414 v.
1626 4357 1684 4413 437
1707 4356 1901 4433 transposuit.
1982 4354 2045 4413 430
2069 4360 2136 4413 ater

522 4466 650 4541 plebiis:
669 4485 728 4524 non
748 4465 821 4523 nulli
844 4465 924 4542 apud
943 4466 1030 4524 Pium
1053 4466 1192 4525 lacrimas
1213 4485 1349 4524 sororum
1370 4484 1446 4542 quae
1459 4485 1514 4543 per
1528 4464 1657 4524 harenas
1671 4464 1701 4522 in
1716 4484 1833 4523 amnem
1848 4464 2065 4522 convolvuntur
2079 4461 2134 4520 hoo

525 4573 589 4632 1080
610 4573 737 4632 indicari
758 4577 884 4650 putant,
906 4593 994 4650 quam
1016 4573 1243 4650 explicationem
1264 4572 1452 4632 Samuellson
1471 4572 1644 4650 nuperrime
1665 4571 1810 4630 defendit.
1833 4569 1894 4630 Sed
1916 4570 2022 4658 melius
2043 4570 2134 4628 88181

523 4699 633 4758 corpus
647 4679 845 4740 Phaethontis
859 4686 997 4739 exustrnn
1012 4680 1222 4757 intellegimus,
1234 4686 1270 4738 81
1278 4681 1352 4739 Pius
1362 4685 1394 4737 et
1404 4680 1587 4757 posteriores
1598 4679 1788 4756 intrepretati
1799 4683 1870 4736 aunt
1879 4696 1992 4736 onmes.
2074 4678 2135 4736 509

524 4807 594 4847 earo
616 4806 676 4846 non
697 4787 875 4858 coniunctio,
898 4793 931 4845 ut
952 4787 1086 4864 plerique
1108 4785 1315 4861 adfirmarent,
1337 4785 1392 4845 aed
1411 4784 1638 4844 substantivum
1657 4783 1829 4843 babendum
1849 4790 1905 4851 eat,
1927 4783 2007 4859 quod
2024 4783 2135 4841 Pinde-

528 4901 636 4965 monte,
658 4895 728 4956 Leo.
752 4895 937 4954 Samuellson
960 4895 1086 4953 aliisue
1108 4896 1172 4953 iure
1196 4899 1385 4953 censuerunt.
1469 4891 1956 4968 528881888118118888111881
1976 4910 2131 4951 1881110188

527 5002 658 5082 pendeat
671 5002 792 5060 minime
808 4999 928 5059 dubito:
951 4997 1028 5058 falso
1050 4999 1205 5058 Erdmann
1219 5005 1250 5057 et
1264 4999 1462 5057 Hansteinius
1482 5015 1519 5056 ea
1539 4996 1635 5055 verba
1656 5016 1724 5055 cum
1741 4997 1883 5073 praescio
1903 4998 2133 5056 coniunxerunt.

603 5107 662 5165 544
677 5107 814 5184 Wagner
834 5126 926 5182 super
946 5106 1197 5184 praepositionem
1220 5105 1377 5182 intellegit,
1400 5105 1455 5163 sed
1474 5123 1566 5180 super
1585 5110 1632 5162 881
1654 5102 1833 5162 adverbium
1852 5123 1908 5180 pro
1930 5122 1964 5161 eo
1986 5103 2067 5180 qnod
2086 5117 2133 5161 881

523 5215 654 5292 iusuper,
677 5219 710 5272 ut
732 5215 790 5272 iam
809 5213 882 5271 Pius
896 5214 1013 5270 statuit.
1096 5213 1267 5272 6701088111
1290 5219 1462 5289 corruptum
1484 5211 1560 5268 alius
1581 5211 1669 5270 aliter
1689 5212 1858 5287 temptavit.
1882 5193 1993 5288 aliqud
2010 5211 2130 5288 scripsi.

524 5324 717 5400 quodminus
738 5323 890 5383 alitteris
911 5323 1033 5382 traditis
1056 5325 1192 5382 recedat:
1215 5325 1307 5382 totius
1329 5323 1386 5382 loci
1407 5322 1482 5381 haec
1502 5328 1549 5380 eat
1569 5323 1734 5380 sententia:
1757 5321 1832 5379 nihil
1851 5321 1899 5380 ius
1920 5322 2053 5399 poterit?

524 5435 585 5494 678
607 5438 729 5493 retentet
750 5433 781 5491 id
802 5439 849 5492 eat
870 5433 979 5490 iterum
1000 5435 1094 5489 tentet
1115 5429 1316 5510 [Burmannus
1337 5436 1368 5488 et
1389 5427 1492 5510 aeqql.
1514 5429 1677 5505 Perperam
1698 5429 1786 5486 Pius:
1810 5429 1948 5487 retineat.
