4867 6734
843 609 1164 666 PROLEGOMENON
1182 611 1312 666 CAPVT
1330 611 1370 664 ΙΙ.
1850 610 1906 664 XV

306 771 497 844 permutatur
518 768 695 846 saepiusque
718 767 845 825 alterum
867 765 971 842 deest,
994 767 1178 840 invenimus,
1201 785 1260 840 qus
1282 764 1319 823 de
1341 785 1432 824 causa
1456 766 1591 824 ordinem
1622 766 1773 824 nominum
1794 766 1825 824 C.
1854 767 1908 826 l'a·

305 873 400 934 lerina
421 875 551 934 Flaccus
572 875 691 935 Selinus
713 875 832 934 Bulbus
853 871 891 932 ab
913 872 1000 932 Italis
1022 873 1130 932 decimi
1151 874 1246 948 quinti
1269 873 1381 932 saeculi
1402 871 1561 950 probatum
1575 893 1679 932 omnes
1699 873 1830 932 editores
1844 872 1908 933 fere

302 981 493 1040 concorditer
514 987 701 1060 receperunt.

386 1085 532 1146 Heinsius
547 1093 647 1148 autem
662 1087 794 1148 nondum
809 1089 964 1148 Flavianis
979 1087 1164 1166 temporibus
1179 1107 1265 1146 usum
1280 1087 1542 1146 adsciscendorum
1556 1089 1686 1166 plurium
1701 1088 1909 1166 cognominum

304 1191 555 1270 agnominumque
569 1191 714 1252 Romanis
727 1193 830 1268 luisse,
846 1194 904 1252 nisi
918 1190 997 1251 forte
1019 1193 1187 1271 adoptionis
1202 1194 1251 1251 vel
1267 1191 1444 1252 hereditatis
1459 1211 1559 1267 causa,
1577 1199 1609 1251 et
1622 1193 1785 1267 Valerium,
1806 1193 1833 1250 si
1858 1193 1910 1250 illa

304 1299 433 1374 quinque
454 1301 574 1358 nomina
596 1299 760 1372 habuisset,
777 1321 794 1358 a
808 1299 948 1358 Martiale
963 1319 1021 1358 non
1036 1300 1179 1360 Flaccum
1201 1299 1257 1358 sed
1271 1301 1404 1359 Balbum
1417 1300 1518 1376 potius
1537 1299 1680 1378 appellari
1696 1298 1836 1359 debuisse
1850 1303 1910 1360 exi-

305 1408 450 1478 stimavit,
471 1427 637 1482 nonrenque
659 1407 753 1467 Setini
780 1407 873 1466 Balbi
895 1406 935 1465 ad
955 1406 1185 1482 grammaticum
1207 1405 1366 1482 quendam,
1387 1406 1437 1481 qui
1459 1405 1571 1464 Valerii
1593 1412 1707 1484 poema
1720 1407 1911 1466 emendasset

305 1516 572 1590 recensuissetque,
589 1516 636 1574 vel
651 1515 750 1592 potius
773 1514 812 1572 ad
834 1519 921 1572 vetus
942 1514 1095 1590 exemplar
1117 1514 1307 1590 pertinuisse,
1330 1514 1359 1570 in
1381 1515 1466 1572 cuius
1481 1512 1580 1572 fronte
1601 1534 1708 1574 nomen
1728 1517 1910 1592 possessoris

305 1629 387 1682 esset
408 1622 604 1701 adscriptum,
627 1627 716 1697 atque
737 1620 776 1680 sb
799 1622 913 1697 ignaris
935 1620 1045 1680 scribis
1060 1622 1090 1678 in
1106 1621 1218 1679 codicis
1233 1621 1427 1698 inscriptione
1442 1621 1590 1680 inclusum
1603 1641 1671 1681 esse
1686 1623 1796 1682 docuit.
1811 1623 1910 1697 Quam

304 1729 484 1786 sententiam
506 1727 531 1785 Ι.
555 1729 592 1784 Α.
615 1727 761 1802 Wagner,
783 1727 958 1802 Delamalle,
981 1727 1040 1802 alii,
1062 1732 1097 1784 ut
1117 1727 1289 1802 nuperrime
1309 1725 1477 1786 Hermand.
1500 1733 1572 1784 sunt
1592 1729 1730 1805 amplexi.

383 1831 522 1892 Lemaire
545 1840 651 1892 contra
672 1833 766 1894 Setini
788 1833 883 1893 Bulbi
904 1834 1065 1911 agiromiua
1078 1838 1183 1910 poetae
1198 1831 1361 1890 tribuenda
1375 1851 1535 1909 eorumque
1550 1833 1685 1893 ordinem
1700 1835 1910 1897 invertendum

303 1961 370 2001 esse
391 1945 521 2019 putavit.
542 1944 644 2020 Atque
666 1943 768 2002 attulit
789 1963 895 2002 causas
917 1949 989 2018 tres,
1012 1963 1137 2018 quarum
1159 1963 1218 2001 una
1240 1950 1287 2002 est
1308 1943 1388 2020 quod
1402 1943 1559 2022 inscriptio
1573 1946 1644 2004 libri
1657 1948 1782 2006 secundi
1798 1949 1911 2010 codicis

305 2049 446 2109 Vaticani
469 2052 577 2110 litteris
598 2050 761 2110 maioribus
782 2049 874 2109 rubro
896 2053 993 2110 colore
1007 2057 1140 2126 exarata,
1158 2071 1226 2110 cum
1241 2051 1462 2128 diligentiorem
1488 2051 1607 2111 librarii
1636 2074 1739 2114 curam
1760 2059 1910 2132 ostendat,

304 2157 364 2217 lide
385 2157 505 2237 dignior
525 2179 614 2234 quam
636 2159 767 2234 reliquae
788 2158 900 2217 codicis
921 2159 1132 2237 inscriptiones
1153 2159 1327 2218 maiusculis
1355 2158 1486 2218 horridis
1500 2165 1590 2236 atque
1604 2162 1764 2243 incomptis
1779 2169 1911 2246 scriptae

305 2285 359 2342 pro
381 2271 463 2324 certo
485 2265 624 2326 habenda
646 2271 701 2341 est,
723 2268 818 2326 altera
840 2267 919 2343 qnod
941 2285 1105 2343 cognomen
1127 2287 1145 2325 a
1166 2269 1289 2346 regione
1312 2268 1436 2326 ductum
1457 2273 1625 2328 extremum
1657 2272 1754 2332 locum
1775 2273 1912 2337 obtinere

303 2375 388 2445 solet,
411 2376 502 2434 tertia
524 2375 651 2450 denique
671 2376 751 2452 quod
772 2376 802 2434 in
818 2376 954 2435 codicum
968 2375 1243 2454 subscriptionibus
1260 2377 1353 2436 Balbi
1367 2396 1473 2436 nomen
1488 2380 1618 2457 saepius,
1635 2379 1729 2441 Setini
1740 2402 1812 2442 vero
1825 2405 1911 2446 num-

303 2502 391 2558 quam
413 2481 507 2543 deest.
529 2483 647 2557 Quibus
668 2483 835 2544 rationibus
856 2484 1005 2544 adductus
1026 2484 1162 2544 ordinem
1183 2485 1335 2544 nominum
1356 2485 1387 2546 G.
1416 2487 1554 2546 Valerius
1575 2489 1705 2549 Flaccus
1719 2493 1838 2553 Balbus
1861 2497 1911 2556 Se·

304 2590 384 2650 tinus
404 2594 511 2668 potitae
531 2591 640 2650 tribuit
659 2591 780 2666 eiusque
801 2591 970 2668 opinionem
991 2590 1099 2650 Petere
1120 2609 1216 2668 nuper
1237 2591 1467 2670 redintegravit

386 2698 462 2757 Tres
484 2699 577 2774 igitur
600 2696 744 2756 habemus
765 2697 803 2754 de
824 2703 930 2774 potitae
952 2697 1123 2756 nominibus
1145 2699 1312 2757 sententias
1333 2699 1412 2758 inter
1425 2717 1458 2758 ee
1472 2699 1561 2776 plane
1574 2701 1719 2780 diversas,
1735 2727 1811 2781 quas
1824 2709 1912 2770 nobis

305 2806 482 2882 singillatim
497 2805 689 2865 excudendae
700 2811 779 2874 sunt,
790 2813 832 2878 ut,
849 2803 921 2880 quid
935 2803 1121 2882 probabilius
1135 2805 1229 2864 statui
1240 2807 1343 2884 possit,
1360 2807 1440 2866 clare
1455 2813 1543 2883 atque
1557 2811 1715 2872 evidenter
1725 2817 1911 2879 ostendatur.

385 2921 431 2979 Ao
452 2921 581 2998 primurn
602 2918 722 2993 quidem
744 2916 900 2976 videamus
920 2924 1020 2975 utrum
1042 2915 1136 2976 Setini
1160 2915 1254 2976 Bulbi
1274 2917 1396 2975 nomina
1415 2916 1455 2974 ad
1475 2916 1631 2978 Valerium
1652 2923 1763 2999 optimo
1785 2925 1850 2984 iure
1866 2948 1913 2987 re-

305 3026 443 3085 ferantur
464 3043 566 3083 necne.
588 3023 703 3098 Itaque,
726 3041 794 3080 cum
814 3021 914 3098 priore
935 3021 1054 3079 saeculo
1068 3027 1136 3099 post
1150 3019 1305 3080 Christum
1318 3027 1432 3084 natum.
1448 3027 1533 3082 uter
1554 3023 1801 3102 inscriptionibus
1814 3031 1914 3092 adhuc

306 3135 437 3194 inventis
458 3133 534 3191 satis
554 3135 647 3210 patet,
671 3151 688 3188 a
709 3129 854 3188 Romanis
875 3129 961 3208 plura
982 3130 1142 3207 agnomina
1163 3129 1282 3187 adsumi
1303 3135 1410 3207 coepta
1429 3129 1490 3187 sint
1511 3149 1730 3209 necunquam,
1746 3137 1824 3212 quod
1846 3159 1913 3198 mox

305 3243 462 3324 probaturi
483 3261 594 3314 sumus,
616 3245 719 3298 noster
739 3243 829 3316 poeta
848 3237 999 3296 Martialis
1019 3238 1134 3296 amicus
1155 3235 1256 3307 fuerit,
1277 3242 1457 3316 argumenta
1484 3236 1523 3296 ab
1544 3238 1669 3299 Heinsio
1696 3245 1814 3320 prolata
1833 3250 1913 3308 omni

306 3371 379 3410 esne
401 3349 579 3409 auctoritate
602 3347 748 3406 destituta
765 3345 836 3404 mibi
860 3345 1010 3416 videntum
1032 3344 1140 3420 quibus
1161 3345 1199 3403 de
1221 3346 1320 3404 causis
1340 3344 1459 3405 Heinsii
1480 3349 1653 3408 coniectura
1671 3371 1726 3428 pro
1747 3352 1839 3413 nihilo
1859 3356 1914 3416 du-

309 3457 404 3518 cenda
425 3461 481 3516 eet.
503 3454 610 3514 Nonne
631 3454 710 3512 enim
732 3453 849 3528 mirum,
864 3451 983 3526 quando
996 3453 1095 3510 omnia
1109 3451 1197 3528 plane
1212 3452 1356 3528 explicari
1369 3458 1504 3530 possunt,
1519 3453 1559 3511 ad
1573 3453 1773 3515 coniecturam
1789 3479 1914 3537 prorsus

310 3568 455 3625 incertam
476 3560 653 3638 confugere?
675 3560 869 3638 Quapropter
889 3559 983 3619 Setini
1007 3559 1099 3618 Bulbi
1121 3559 1241 3616 nomina
1260 3557 1383 3618 Valerio
1404 3558 1607 3619 adscribenda
1619 3581 1686 3621 esse
1700 3564 1764 3623 sine
1778 3566 1839 3624 ulla
1860 3569 1913 3627 du-

309 3674 455 3734 bitatione
468 3671 619 3731 confirmo
634 3669 752 3728 Deinde
767 3667 804 3726 de
819 3657 969 3726 nominum
984 3665 1088 3726 ordine
1104 3665 1314 3725 disserendum
1328 3672 1384 3738 est,
1400 3685 1476 3742 quae
1490 3671 1697 3728 controversia
1707 3669 1789 3730 baud
1802 3693 1914 3749 graves

308 3779 503 3842 difficultates
524 3777 659 3856 praebet.
679 3776 784 3852 Neque
805 3776 886 3834 enim
906 3794 965 3832 uno
986 3774 1033 3832 vel
1055 3775 1149 3832 altero
1170 3774 1305 3852 exemplo
1321 3775 1352 3852 ¹),
1368 3773 1418 3833 ubi
1443 3775 1539 3835 Setini
1558 3795 1667 3835 nomen
1692 3798 1747 3856 pro
1761 3781 1914 3855 gentilicio

308 3893 356 3946 est
376 3891 563 3963 usurpatum,
586 3885 765 3962 optimorum
787 3881 923 3940 codicum
946 3879 1155 3938 auctoritatem
1171 3878 1297 3958 infringi
1311 3899 1399 3958 posse
1414 3879 1554 3951 arbitror,
1570 3901 1694 3956 quorum
1709 3903 1746 3942 ex
1761 3885 1913 3965 subscrip-

308 3992 441 4052 tionibus
463 3991 543 4050 hunc
564 3991 714 4049 nominum
742 3987 877 4047 ordinem
898 3985 928 4046 C.
951 3986 1089 4045 Valerius
1111 3986 1241 4046 Flaccus
1263 3987 1381 4046 Bulbus
1402 3987 1521 4047 Selinus
1534 3987 1720 4065 probabilius
1735 3992 1915 4054 eliciendum

307 4119 377 4161 esse
398 4101 429 4158 in
452 4103 556 4178 aperto
578 4102 633 4168 est;
656 4115 715 4172 qua
736 4113 767 4152 re
788 4093 931 4151 Lemairii
952 4091 1120 4150 sententiae
1141 4091 1271 4152 libenter
1292 4092 1411 4164 accedo,
1427 4111 1512 4168 quae,
1527 4097 1664 4169 quamvis
1679 4097 1709 4154 in
1730 4103 1817 4158 tanta
1830 4101 1914 4160 testi-

308 4209 475 4270 moniorum
497 4206 598 4284 inopis
618 4204 669 4264 vix
691 4202 861 4261 continuari
881 4201 985 4278 possit,
1008 4207 1130 4276 praeter
1152 4200 1283 4276 reliquas
1305 4207 1405 4258 tamen
1426 4201 1489 4259 veri
1511 4203 1617 4260 similis
1638 4204 1710 4262 mihi
1732 4206 1880 4267 videatur.

390 4317 499 4374 Altera
520 4313 654 4389 quaestio
675 4310 714 4369 sd
735 4315 863 4386 tempus,
884 4325 942 4382 quo
963 4305 1105 4365 Valerius
1126 4305 1228 4378 fuerit,
1249 4309 1390 4384 pertinet.
1412 4307 1457 4365 Ex
1484 4309 1561 4386 Arg.
1583 4309 1600 4366 Ι
1629 4312 1666 4368 12
1694 4333 1737 4388 sq.
1759 4313 1915 4375 Valerium

309 4430 445 4484 nostrum
468 4421 655 4500 Vespasiano
677 4419 843 4496 imperante
864 4415 951 4494 paulo
972 4419 1040 4492 post
1060 4413 1301 4493 Hierosolymam
1322 4435 1341 4473 a
1360 4415 1431 4474 'rito
1451 4422 1570 4495 captam
1598 4436 1718 4478 carmen
1746 4425 1916 4503 suscepisse

310 4534 387 4591 satis
408 4529 616 4608 comperimus.
639 4525 713 4585 (lum
736 4531 837 4582 autem
858 4541 964 4582 versus
985 4515 1035 4580 ΙΙΙ
1050 4521 1193 4597 208209,
1208 4521 1254 4580 lv
1269 4521 1403 4580 out-509
1417 4521 1456 4580 ad
1470 4523 1551 4582 illam
1565 4525 1675 4583 montis
1689 4525 1815 4587 Vesuvii
1828 4549 1917 4610 erup

309 4641 424 4699 tionem
438 4636 545 4696 referri
558 4632 690 4693 debeant
709 4650 841 4709 opusque
855 4629 1090 4703 Quintilianeam
1105 4630 1186 4688 circa
1201 4648 1310 4687 annum
1324 4629 1381 4689 XC
1394 4632 1591 4709 compositum
1605 4634 1654 4708 sit,
1668 4633 1823 4695 Valerium
1837 4639 1918 4699 intra

310 4765 407 4806 annos
427 4740 565 4802 LXXIX
579 4745 610 4798 et
623 4737 680 4797 XO
695 4741 762 4814 post
785 4735 938 4795 Christum
959 4739 1062 4792 natum
1077 4732 1188 4792 obiisse
1202 4738 1284 4792 recte
1305 4733 1482 4813 colligimus,
1496 4734 1550 4795 sed
1564 4735 1637 4795 nihil
1653 4743 1823 4800 accuratius
1844 4743 1916 4802 defi-

308 4853 374 4911 nire
394 4867 560 4929 possumus.

392 4957 520 5030 Quidam
533 4974 604 5015 vero
619 4974 655 5013 ex
667 4948 894 5020 recentioribus,
907 4947 996 5007 nimia
1009 4949 1196 5007 coniectandi
1211 4947 1345 5020 libidine,
1360 4969 1469 5008 annum
1480 4953 1586 5010 mortis
1600 4952 1712 5012 Valerii
1725 4955 1916 5018 adamussim

309 5066 492 5123 constituere
513 5063 680 5122 voluerunt.

392 5171 524 5232 Schenkl
544 5173 622 5230 enim
638 5169 792 5228 Valerium
807 5169 935 5246 primum
950 5165 1060 5226 librum
1075 5185 1152 5225 anno
1163 5165 1270 5224 LXXI
1284 5168 1429 5226 recitasse
1444 5174 1533 5244 atque
1547 5187 1582 5226 ex
1595 5171 1747 5247 epicorum
1761 5178 1917 5250 poetarum

312 5301 392 5340 more
420 5281 506 5340 unius
532 5279 600 5337 enni
626 5278 756 5356 spatium
783 5277 812 5334 in
835 5275 963 5352 singulis
986 5273 1074 5333 libris
1098 5271 1290 5350 perficiendis
1314 5276 1535 5352 consumpsisse
1550 5275 1716 5336 arbitratus
1730 5285 1786 5337 est:
1801 5299 1860 5356 qua
1874 5301 1917 5352 re,

311 5410 380 5448 cum
402 5407 477 5466 opus
498 5385 536 5445 ob
551 5385 682 5444 auctoris
696 5389 821 5442 mortem
836 5384 1024 5441 immaturam
1040 5378 1249 5458 imperfectum
1265 5383 1403 5440 relictum
1416 5401 1483 5442 esse
1498 5403 1532 5442 ex
1548 5385 1696 5444 communi
1711 5387 1849 5464 opinione
1863 5409 1913 5466 pu-

386 5611 407 5680 l)
425 5607 457 5663 P.
478 5608 595 5662 Setinus
613 5606 770 5677 Lupercus.
790 5603 825 5657 G.
844 5603 974 5657 Hennes.
994 5601 1065 5656 Coll.
1084 5605 1212 5672 inscript.
1233 5601 1282 5654 lat.
1301 5599 1349 5653 111
1368 5619 1394 5671 p.
1413 5601 1475 5654 243.
