4867 6734
558 583 612 637 xn
1084 537 1552 634 Paonaeounhoncsevr
1571 578 1627 632 111.

678 738 708 814 d)
730 735 806 796 Cum
827 735 978 796 interdum
999 734 1214 811 Sangallensis,
1237 735 1413 812 saepissime
1432 753 1506 794 rere
1519 733 1598 792 liber
1612 733 1766 817 Carrionis
1780 731 1819 791 ab
1833 731 2099 810 interpolatorihus
2112 753 2165 793 ve·

557 849 646 902 xatus
666 845 714 919 sit,
738 841 790 902 ubi
810 843 869 902 riri
890 841 970 901 docti
991 841 1132 901 Vaticani
1153 841 1339 918 corruptelas
1359 841 1471 899 leniore
1491 839 1641 899 medicina
1659 839 1844 916 sanaverint,
1856 858 1958 898 eorum
1977 840 2165 898 coniecturas

556 951 645 1026 longe
665 947 829 1027 praeferre.

679 1058 704 1134 c)
728 1055 804 1116 Cum
825 1058 856 1114 in
876 1054 999 1114 Valerio
1019 1059 1143 1133 propter
1163 1055 1228 1113 eius
1249 1054 1358 1113 durum
1379 1053 1499 1113 dicendi
1520 1073 1616 1130 genus
1635 1053 1730 1111 multa
1750 1053 1811 1112 sint
1831 1071 1907 1129 quae
1923 1053 2021 1130 magis
2035 1052 2167 1130 explica·

557 1167 638 1224 tione
659 1184 748 1240 quem
770 1165 941 1223 coniectura
965 1161 1131 1238 indigeant,
1142 1160 1283 1221 Vaticani
1303 1163 1472 1239 scripturas
1492 1181 1582 1236 quern
1601 1161 1728 1219 maxime
1741 1179 1874 1219 servare:
1889 1158 1943 1218 ubi
1955 1164 2168 1218 autememen-

560 1274 681 1333 datione
703 1291 779 1350 opus
800 1273 850 1343 sit,
872 1291 890 1330 a
911 1271 1023 1342 litteris
1043 1269 1166 1328 traditis
1187 1289 1276 1346 quam
1296 1269 1418 1328 minime
1440 1268 1592 1328 recedere.

1220 1594 1402 1671 GAPVT
1428 1595 1498 1670 IV.

638 1809 685 1867 De
705 1807 821 1866 Valerii
841 1805 943 1867 verbis
964 1805 1149 1883 explicandis
1162 1806 1222 1865 riri
1236 1805 1317 1864 docti
1339 1804 1500 1864 admodum
1520 1807 1599 1864 inter
1619 1823 1652 1863 se
1666 1803 1890 1863 dissenserunt:
1905 1801 1986 1861 haud
2000 1804 2091 1881 pauci
2105 1801 2162 1860 loci

557 1916 816 1976 animadversione
837 1915 924 1992 digni
944 1913 1017 1972 mihi
1037 1915 1095 1973 visi
1116 1921 1195 1990 sunt,
1218 1933 1291 1991 quos
1311 1914 1369 1973 hcc
1389 1916 1488 1992 capite
1509 1911 1770 1990 comprehendam.

641 2022 709 2081 Lib.
730 2022 756 2080 Ι.
781 2023 818 2080 15
839 2021 893 2080 ille
915 2021 986 2097 quin
1006 2020 1047 2079 ad
1066 2020 1168 2078 Titum
1189 2019 1348 2092 referetur,
1370 2025 1404 2078 ut
1424 2022 1484 2079 iam
1505 2019 1610 2081 Carrio
1643 2020 1760 2091 statuit,
1792 2019 1914 2078 minime
1944 2019 2069 2078 dubium
2099 2025 2156 2079 est:

558 2151 716 2212 perperam
736 2129 925 2202 Parrhasius,
946 2129 1027 2206 Pius,
1050 2129 1207 2204 Maserius,
1230 2111 1405 2203 Delamalle,
1426 2127 1594 2200 Weichert,
1615 2127 1711 2200 Thilo,
1734 2128 1875 2199 Schenkl,
1891 2129 1941 2187 alii
1956 2129 2161 2187 Domitianum

558 2238 778 2296 intellexerunt.
800 2236 981 2312 delubraque
999 2236 1100 2310 genti:
1119 2235 1264 2312 templum
1287 2236 1372 2310 genti
1391 2235 1516 2294 Flaviae
1537 2234 1700 2294 dicandum
1720 2234 1910 2310 Parrhasius,
1931 2234 2014 2306 Pius,
2037 2235 2088 2293 alii
2116 2255 2167 2294 ex-

558 2343 718 2422 plicarunt.
740 2341 930 2400 Burmannus
952 2340 989 2400 de
1010 2347 1100 2416 gente
1121 2340 1247 2400 Iudaica
1268 2343 1422 2418 cogitavit.
1442 2340 1596 2411 Heinsius,
1617 2341 1731 2418 Haupt,
1754 2341 1804 2400 elii
1825 2342 1923 2400 locum
1943 2343 2020 2400 satis
2040 2361 2101 2400 non
2122 2341 2166 2400 in-

559 2448 712 2506 tellectum
733 2447 826 2507 variis
848 2447 1028 2505 coniecturis
1048 2453 1245 2505 vexaverunt.
1267 2446 1344 2505 Mihi
1364 2466 1437 2507 vero
1457 2448 1507 2505 hic
1528 2448 1611 2506 locus
1632 2448 1677 2506 sic
1697 2447 1894 2525 explicandus
1915 2446 2055 2506 videtur:
2071 2453 2103 2506 et
2116 2446 2168 2506 de—

559 2554 647 2614 lubre
669 2555 806 2614 instituet
827 2554 880 2614 uhi
899 2555 1026 2634 populus
1048 2561 1078 2614 te
1099 2555 1196 2614 colere
1216 2557 1321 2632 possit.
1337 2555 1416 2632 quod
1431 2556 1490 2614 iem
1503 2555 1701 2615 Pindemonte
1715 2556 1852 2614 coniecit
1934 2555 1974 2613 23
1987 2555 2094 2630 gracia
2107 2573 2168 2613 non

559 2669 658 2722 aetete
679 2658 770 2743 [Pius,
792 2662 932 2734 Bulaeus,
954 2663 1129 2727 Delamalle,
1152 2663 1289 2739 Genesin,
1310 2663 1467 2723 Bendicho
1486 2685 1508 2742 y
1529 2664 1641 2742 Quilty,
1662 2664 1776 2736 Pireni,
1798 2663 1945 2744 Langenl,
1968 2662 2024 2722 sed
2058 2663 2167 2740 populo

560 2769 722 2846 [Heinsius
737 2770 937 2842 Burmannus,
952 2770 1099 2848 Wagner,
1113 2771 1217 2843 Buzio,
1232 2770 1450 2854 Pindemonte].
1534 2774 1573 2831 45
1587 2773 1668 2832 hunc
1680 2791 1803 2833 versum
1817 2774 1848 2831 in
1862 2776 1979 2831 textum
1991 2791 2052 2831 non
2066 2771 2166 2848 recepi

559 2876 624 2934 sive
645 2877 715 2951 quia
735 2895 752 2934 a
773 2875 859 2935 libris
881 2874 1047 2955 potioribus
1069 2875 1171 2954 abest,
1193 2879 1259 2937 sive
1280 2879 1349 2953 quia
1369 2899 1442 2936 num
1461 2880 1607 2940 solennia
1627 2898 1745 2939 mearco
1765 2878 1858 2938 latine
1878 2878 1993 2937 dictum
2013 2879 2056 2936 sit
2075 2877 2165 2936 vehe-

560 2989 676 3042 menter
697 2981 811 3042 dubito.
893 2983 933 3042 59
954 2984 1101 3056 conticuit,
1122 2986 1171 3042 cui
1191 2985 1305 3043 nullum
1325 2985 1477 3045 obiectum
1498 2985 1634 3044 additum
1654 2987 1704 3052 sit,
1727 2985 1888 3045 admodum
1909 2986 2043 3061 languet.
2068 2984 2165 3063 Lejey

559 3088 715 3165 vulgatam
735 3109 831 3167 nuper
851 3088 989 3149 defendit
1009 3092 1053 3149 sic
1075 3091 1247 3169 explicans:
1271 3099 1371 3150 certus
1385 3092 1455 3150 silet
1468 3090 1502 3151 0.
1518 3111 1543 3150 c.
1559 3091 1590 3150 S.
1605 3111 1635 3168 p.
1651 3097 1810 3168 certusque
1831 3092 1901 3150 silet
1913 3112 1943 3151 v.
1958 3112 1988 3169 p.
2003 3096 2061 3149 etc.
2078 3088 2166 3163 Quod

560 3195 632 3254 mihi
652 3215 711 3253 non
731 3195 886 3273 probetur,
908 3215 967 3272 que
988 3216 1029 3273 re,
1051 3196 1269 3256 Baehrensium
1284 3203 1414 3273 secutus,
1430 3203 1527 3258 cerias
1540 3199 1659 3276 scripsi.
1743 3199 1781 3256 63
1800 3205 1938 3258 ectcmc:
1951 3216 2006 3274 pm
2020 3195 2165 3255 Romanis

559 3301 718 3378 peregrino
739 3301 838 3362 idest
860 3302 998 3362 Colchico
1020 3301 1201 3384 [Loehbach
1223 3303 1371 3380 Koestlin,
1393 3302 1498 3385 Buryl.
1520 3303 1613 3363 cfrv
1628 3304 1697 3380 249,
1712 3306 1788 3376 360;
1802 3303 1883 3362 Vm
1896 3303 1945 3362 97.
2028 3304 2070 3361 74
2082 3302 2166 3360 locus

559 3415 693 3467 vexatus.
715 3409 789 3468 Pius
808 3411 853 3470 sic
874 3413 1018 3490 explicat:
1033 3418 1155 3491 superet
1170 3431 1273 3470 omnes
1288 3412 1498 3471 mendatorum
1508 3410 1704 3471 difficultates
1718 3412 1767 3470 vel
1780 3413 1872 3470 meris
1887 3417 2021 3470 atrocem
2035 3427 2165 3480 cursum;

559 3515 709 3574 Bulaeus:
731 3522 854 3595 superet
875 3523 959 3576 estus
980 3525 1011 3578 et
1031 3520 1157 3578 insidias
1177 3520 1288 3579 Peliae.
1309 3520 1485 3579 Lectionem
1507 3520 1642 3578 codicum
1662 3521 1784 3579 servavi
1804 3520 1884 3579 hune
1908 3537 1975 3578 esse
2004 3516 2167 3577 verborum

455 3664 457 3668 ψ
561 3622 698 3682 ordinem
719 3631 823 3683 ratus:
845 3627 942 3702 magis
964 3632 1104 3704 capesset
1124 3634 1155 3685 et
1175 3633 1299 3705 superet
1319 3626 1400 3686 frete
1419 3629 1510 3686 iussa.
1592 3630 1632 3687 90
1643 3635 1751 3705 pater:
1764 3627 1914 3686 Maserius
1928 3634 1959 3686 et
1972 3627 2165 3685 Burmannus

560 3735 679 3808 petrem
700 3734 804 3810 gregis
825 3732 857 3792 id
878 3738 925 3793 est
946 3736 1070 3794 arietem
1091 3737 1310 3795 intellexerunt.
1331 3737 1405 3794 Pius
1425 3738 1538 3796 rectius
1555 3738 1713 3796 Aesonem.
1795 3737 1835 3796 99
1855 3739 1978 3797 revehat
2006 3735 2166 3806 Maserius,

561 3838 762 3912 Burmannus,
784 3841 877 3901 Buuio
900 3844 937 3902 de
958 3842 1039 3903 felici
1060 3843 1160 3902 reditu
1180 3845 1342 3922 explicent.
1364 3845 1520 3921 Wagner,
1543 3845 1697 3922 Georges,
1718 3845 1842 3904 Pirani:
1864 3844 1955 3904 vehat
1975 3848 2006 3903 et
2031 3842 2167 3902 revehet.

559 3947 764 4022 Pindemonte,
786 3950 955 4028 Porcellini,
979 3952 1183 4012 Samuellscn:
1206 3953 1305 4013 vehet.
1328 3952 1418 4027 Quod
1438 3954 1548 4032 probo:
1570 3958 1687 4014 constat
1701 3954 1780 4013 enirn
1795 3951 1924 4013 verbum
1937 3973 2006 4012 cum
2019 3951 2170 4030 particula

561 4073 636 4130 quee
658 4061 704 4114 est
725 4077 758 4116 re
780 4061 975 4137 compositum
994 4080 1050 4139 pro
1064 4063 1193 4140 simplici
1206 4062 1301 4122 verbo
1316 4064 1437 4140 saepius
1450 4068 1628 4141 usurpatum
1642 4081 1718 4122 esse.
1732 4062 1888 4120 Immerito
1902 4062 1996 4138 igitur
2009 4059 2169 4119 Baehrens

562 4163 593 4216 et
612 4160 738 4238 Langen
760 4163 896 4223 codicum
918 4167 1099 4243 scripturam
1113 4167 1356 4239 immutaverunt,
1440 4169 1552 4227 130-48
1571 4168 1710 4226 Koestlin
1730 4172 1871 4242 quattuor
1889 4167 2023 4244 picturas
2038 4165 2086 4225 his
2101 4184 2169 4225 rer-

561 4265 645 4326 sibus
666 4278 913 4330 commemoratas
935 4292 1002 4332 esse
1023 4274 1195 4333 contendit:
1220 4275 1341 4345 13033,
1365 4276 1485 4344 13436,
1509 4276 1630 4347 137-39,
1654 4274 1775 4333 14048.
1798 4273 1860 4333 Sed
1880 4275 2010 4332 iniuria:
2030 4279 2094 4332 tres
2107 4274 2171 4352 pic-

563 4379 646 4431 turas
669 4375 747 4433 enim
768 4385 851 4436 recte
872 4378 1010 4454 Wagner
1031 4382 1162 4456 agnovit,
1185 4399 1272 4456 quem
1293 4382 1474 4458 posteriores
1495 4383 1592 4440 secuti
1611 4388 1700 4440 sunt:
1735 4383 1866 4453 13036,
1891 4381 2012 4452 13739,
2048 4383 2169 4440 14048.

643 4484 701 4542 149
722 4484 801 4544 hunc
816 4505 938 4545 versum
952 4488 1054 4546 multis
1068 4494 1242 4566 suspectum
1256 4488 1311 4548 Ph.
1326 4490 1465 4566 Wagner
1479 4491 1590 4568 optime
1603 4491 1784 4568 explicavit:
1799 4491 1855 4549 hoc
1869 4492 1934 4550 loco
1950 4491 2029 4548 enim
2044 4497 2167 4568 stupere

562 4591 592 4644 et
614 4587 757 4648 admirari
776 4611 868 4650 unum
890 4598 920 4652 et
941 4592 1021 4652 idem
1041 4614 1101 4653 non
1122 4602 1201 4669 sunt,
1222 4596 1279 4654 sed
1297 4603 1396 4674 stupet
1419 4597 1500 4656 «die
1520 4598 1733 4674 schweigende
1764 4596 2092 4675 Theilnahmlogigkeit
2117 4597 2172 4656 des

561 4697 592 4754 in
613 4699 694 4756 seina
717 4698 834 4777 Sergen
855 4701 1036 4760 versenkten
1056 4703 1147 4761 Iason
1164 4731 1178 4754 »
1203 4703 1325 4763 indicet.
1408 4706 1467 4763 223
1488 4706 1619 4765 Martem
1640 4707 1726 4766 varie
1747 4705 1924 4783 explicetur.
1946 4704 2036 4762 Pius:
2059 4705 2168 4782 anguis

562 4805 691 4864 Martius
714 4805 905 4891 [Ghrsching]
928 4811 976 4869 vel
993 4831 1046 4869 era
1060 4812 1170 4872 Martis
1184 4811 1237 4870 uhi
1251 4820 1318 4871 erat
1330 4833 1453 4873 aureum
1467 4814 1571 4885 vellus,
1587 4814 1754 4872 Maserius:
1773 4814 1858 4872 Mars
1873 4813 1957 4886 deus,
1972 4813 2165 4871 Burmannus

562 4919 592 4971 et
614 4911 761 4972 Oeussin:
782 4916 927 4993 proelium
948 4919 1027 4976 inter
1048 4920 1217 4994 terrigenas
1239 4920 1323 4992 illos,
1344 4919 1500 4980 Baehrens
1522 4927 1552 4978 et
1574 4921 1717 4997 Langen:
1743 4941 1847 4998 pugne
1874 4922 1954 4978 inter
1983 4919 2110 4980 Colchos
2139 4893 2180 4978 et¹

563 5019 757 5093 Argonautas
778 5021 817 5079 ad
838 5023 947 5080 ostium
967 5023 1102 5083 Danubii
1123 5031 1197 5083 orte.
1219 5025 1404 5085 Baehrensic
1422 5029 1579 5086 assentior.
1662 5028 1722 5087 253
1737 5029 1813 5088 toris
1826 5047 1882 5104 pro
1895 5033 1961 5085 toro
1975 5027 2090 5085 dictum
2103 5043 2170 5083 esse

562 5127 665 5205 Buaio,
687 5128 793 5200 Kurtz,
816 5129 1002 5190 Samuellson
1023 5132 1251 5205 contenderunt,
1273 5134 1330 5193 sed
1350 5134 1407 5195 hoc
1427 5138 1492 5196 loco
1513 5137 1589 5197 torre
1608 5155 1664 5214 pro
1683 5137 1861 5194 musculosis
1876 5133 2027 5194 bracchiis
2040 5151 2108 5192 esee
2122 5150 2171 5190 ac·

562 5233 733 5312 cipiendum
753 5235 834 5312 Pius,
857 5237 1016 5310 Maserius,
1039 5259 1121 5315 seqq.
1143 5242 1256 5299 rectius
1278 5240 1419 5301 arbitrati
1440 5247 1519 5302 sunt.
1601 5245 1661 5302 265
1682 5263 1717 5302 ex
1738 5244 1874 5304 Thilonis
1898 5246 2050 5304 sententia
2075 5241 2168 5304 Pelea

564 5342 636 5400 deos
656 5349 832 5420 precantem
852 5344 991 5404 Valerius
1012 5346 1086 5407 fecit
1106 5355 1141 5407 ut
1162 5349 1260 5428 ipsum
1282 5351 1313 5408 in
1333 5352 1440 5409 itinere
1453 5351 1577 5410 mallent
1590 5351 1689 5428 perire
1701 5372 1791 5427 quarn
1804 5353 1848 5411 ita
1862 5354 1977 5412 reverti
1990 5360 2024 5411 ut
2037 5354 2172 5414 Achilles

564 5452 593 5507 in
615 5451 694 5509 vivis
716 5470 775 5509 non
796 5459 884 5510 esset.
907 5452 1032 5513 Rectius
1054 5455 1108 5514 Ph.
1131 5455 1269 5532 Wagner
1289 5459 1333 5514 ite
1353 5436 1538 5534 explicavit:
1557 5459 1583 5515 si
1604 5459 1696 5516 vultis
1717 5458 1808 5516 Pelea
1836 5465 1941 5536 optare
1961 5479 2084 5518 currere
2104 5481 2133 5538 p.
2148 5458 2171 5518 f.

563 5566 594 5617 et
614 5543 727 5635 optare
738 5566 845 5620 ventos
867 5560 999 5623 ferentes
1020 5573 1077 5625 etc.
1159 5568 1217 5624 271
1241 5567 1398 5625 lectionem
1418 5587 1507 5642 quam
1528 5567 1628 5646 recepi
1648 5569 1760 5646 optime
1780 5569 1920 5627 Koestlin
1939 5567 2077 5628 defendit
2091 5566 2173 5648 [Phi-
