<?xml version="1.0" encoding="UTF-8"?>
<!DOCTYPE html PUBLIC "-//W3C//DTD XHTML 1.0 Transitional//EN"
    "http://www.w3.org/TR/xhtml1/DTD/xhtml1-transitional.dtd">
<html xmlns="http://www.w3.org/1999/xhtml" xml:lang="en" lang="en">
 <head>
  <title>
</title>
<meta http-equiv="Content-Type" content="text/html;charset=utf-8" />
  <meta name='ocr-system' content='tesseract 3.04.00' />
  <meta name='ocr-capabilities' content='ocr_page ocr_carea ocr_par ocr_line ocrx_word'/>
</head>
<body>
  <div class='ocr_page' id='page_1' title='image "./cvaleriflacciba00giargoog_0058.png"; bbox 0 0 4867 6734; ppageno 0'>
   <div class='ocr_carea' id='block_1_1' title="bbox 524 589 1594 645">
    <p class='ocr_par' dir='ltr' id='par_1_1' title="bbox 524 589 1594 645">
     <span class='ocr_line' id='line_1_1' title="bbox 524 589 1594 645; baseline 0.001 -2"><span class='ocrx_word' id='word_1_1' title='bbox 524 589 622 644; x_wconf 77' lang='lat' dir='ltr'><strong>XLVI</strong></span> <span class='ocrx_word' id='word_1_2' title='bbox 1055 589 1376 645; x_wconf 85' lang='lat' dir='ltr'><strong>PROLEGOMENON</strong></span> <span class='ocrx_word' id='word_1_3' title='bbox 1395 589 1524 644; x_wconf 75' lang='lat' dir='ltr'><strong>caPVT</strong></span> <span class='ocrx_word' id='word_1_4' title='bbox 1543 591 1594 644; x_wconf 79' lang='lat' dir='ltr'><strong>lV.</strong></span> 
     </span>
    </p>
   </div>
   <div class='ocr_carea' id='block_1_2' title="bbox 521 742 2136 1253">
    <p class='ocr_par' dir='ltr' id='par_1_2' title="bbox 521 742 2136 1253">
     <span class='ocr_line' id='line_1_2' title="bbox 521 742 2136 822; baseline 0.001 -22"><span class='ocrx_word' id='word_1_5' title='bbox 521 748 555 800; x_wconf 92' lang='lat' dir='ltr'><strong>et</strong></span> <span class='ocrx_word' id='word_1_6' title='bbox 576 762 677 818; x_wconf 82' lang='lat' dir='ltr'><strong>seqq:</strong></span> <span class='ocrx_word' id='word_1_7' title='bbox 699 742 927 821; x_wconf 75' lang='lat' dir='ltr'><strong>praedicabant.</strong></span> <span class='ocrx_word' id='word_1_8' title='bbox 1009 743 1070 803; x_wconf 84' lang='grc'><strong>674</strong></span> <span class='ocrx_word' id='word_1_9' title='bbox 1091 744 1351 819; x_wconf 74' lang='lat' dir='ltr'><strong>sciremus-pudor</strong></span> <span class='ocrx_word' id='word_1_10' title='bbox 1371 743 1445 801; x_wconf 88' lang='lat' dir='ltr'><strong>Pius</strong></span> <span class='ocrx_word' id='word_1_11' title='bbox 1466 744 1703 820; x_wconf 88' lang='lat' dir='ltr'><strong>interpretatur:</strong></span> <span class='ocrx_word' id='word_1_12' title='bbox 1726 745 1824 822; x_wconf 91' lang='lat' dir='ltr'><strong>pudor</strong></span> <span class='ocrx_word' id='word_1_13' title='bbox 1852 745 1901 820; x_wconf 92' lang='lat' dir='ltr'><strong>qui</strong></span> <span class='ocrx_word' id='word_1_14' title='bbox 1930 746 2136 804; x_wconf 78' lang='lat' dir='ltr'><strong>extremitates</strong></span> 
     </span>
     <span class='ocr_line' id='line_1_3' title="bbox 523 849 2133 930; baseline 0.002 -23"><span class='ocrx_word' id='word_1_15' title='bbox 523 849 612 909; x_wconf 82' lang='lat' dir='ltr'><strong>faciei</strong></span> <span class='ocrx_word' id='word_1_16' title='bbox 632 857 813 928; x_wconf 74' lang='lat' dir='ltr'><strong>pererraret.</strong></span> <span class='ocrx_word' id='word_1_17' title='bbox 835 851 897 910; x_wconf 85' lang='lat' dir='ltr'><strong>Sed</strong></span> <span class='ocrx_word' id='word_1_18' title='bbox 918 851 973 911; x_wconf 91' lang='lat' dir='ltr'><strong>hoc</strong></span> <span class='ocrx_word' id='word_1_19' title='bbox 996 853 1060 911; x_wconf 92' lang='lat' dir='ltr'><strong>loco</strong></span> <span class='ocrx_word' id='word_1_20' title='bbox 1080 852 1178 930; x_wconf 89' lang='lat' dir='ltr'><strong>pudor</strong></span> <span class='ocrx_word' id='word_1_21' title='bbox 1198 858 1348 910; x_wconf 84' lang='lat' dir='ltr'><strong>extremus</strong></span> <span class='ocrx_word' id='word_1_22' title='bbox 1371 851 1471 910; x_wconf 89' lang='lat' dir='ltr'><strong>dictus</strong></span> <span class='ocrx_word' id='word_1_23' title='bbox 1491 858 1539 910; x_wconf 91' lang='lat' dir='ltr'><strong>est</strong></span> <span class='ocrx_word' id='word_1_24' title='bbox 1559 871 1626 910; x_wconf 88' lang='lat' dir='ltr'><strong>cum</strong></span> <span class='ocrx_word' id='word_1_25' title='bbox 1648 854 1735 930; x_wconf 91' lang='lat' dir='ltr'><strong>virgo</strong></span> <span class='ocrx_word' id='word_1_26' title='bbox 1762 851 1848 911; x_wconf 90' lang='lat' dir='ltr'><strong>brevi</strong></span> <span class='ocrx_word' id='word_1_27' title='bbox 1870 858 1952 912; x_wconf 88' lang='lat' dir='ltr'><strong>esset</strong></span> <span class='ocrx_word' id='word_1_28' title='bbox 1972 853 2037 910; x_wconf 87' lang='lat' dir='ltr'><strong>viro</strong></span> <span class='ocrx_word' id='word_1_29' title='bbox 2065 871 2133 910; x_wconf 88' lang='lat' dir='ltr'><strong>suc-</strong></span> 
     </span>
     <span class='ocr_line' id='line_1_4' title="bbox 522 948 2134 1042; baseline 0.002 -27"><span class='ocrx_word' id='word_1_30' title='bbox 522 957 663 1018; x_wconf 85' lang='lat' dir='ltr'><strong>cubitura</strong></span> <span class='ocrx_word' id='word_1_31' title='bbox 684 977 739 1019; x_wconf 89' lang='lat' dir='ltr'><strong>nec</strong></span> <span class='ocrx_word' id='word_1_32' title='bbox 759 965 866 1037; x_wconf 88' lang='lat' dir='ltr'><strong>postea</strong></span> <span class='ocrx_word' id='word_1_33' title='bbox 887 959 1080 1019; x_wconf 80' lang='lat' dir='ltr'><strong>erubesceret</strong></span> <span class='ocrx_word' id='word_1_34' title='bbox 1101 948 1304 1041; x_wconf 82' lang='lat' dir='ltr'><strong>[Burmannus</strong></span> <span class='ocrx_word' id='word_1_35' title='bbox 1325 966 1356 1018; x_wconf 92' lang='lat' dir='ltr'><strong>et</strong></span> <span class='ocrx_word' id='word_1_36' title='bbox 1377 958 1480 1042; x_wconf 89' lang='lat' dir='ltr'><strong>seqq.].</strong></span> <span class='ocrx_word' id='word_1_37' title='bbox 1564 962 1625 1019; x_wconf 79' lang='grc'><strong>710</strong></span> <span class='ocrx_word' id='word_1_38' title='bbox 1646 961 1860 1037; x_wconf 74' lang='lat' dir='ltr'><strong>liquidorum.</strong></span> <span class='ocrx_word' id='word_1_39' title='bbox 1882 961 1958 1019; x_wconf 87' lang='lat' dir='ltr'><strong>Auri</strong></span> <span class='ocrx_word' id='word_1_40' title='bbox 1986 960 2134 1036; x_wconf 86' lang='lat' dir='ltr'><strong>liquamen</strong></span> 
     </span>
     <span class='ocr_line' id='line_1_5' title="bbox 523 1063 2133 1146; baseline 0.001 -22"><span class='ocrx_word' id='word_1_41' title='bbox 523 1087 582 1144; x_wconf 94' lang='lat' dir='ltr'><strong>quo</strong></span> <span class='ocrx_word' id='word_1_42' title='bbox 605 1067 730 1145; x_wconf 80' lang='lat' dir='ltr'><strong>capillus</strong></span> <span class='ocrx_word' id='word_1_43' title='bbox 751 1067 939 1127; x_wconf 88' lang='lat' dir='ltr'><strong>madefactus</strong></span> <span class='ocrx_word' id='word_1_44' title='bbox 961 1069 1102 1128; x_wconf 85' lang='lat' dir='ltr'><strong>rutilatur</strong></span> <span class='ocrx_word' id='word_1_45' title='bbox 1123 1089 1190 1128; x_wconf 92' lang='lat' dir='ltr'><strong>curn</strong></span> <span class='ocrx_word' id='word_1_46' title='bbox 1210 1069 1267 1126; x_wconf 93' lang='lat' dir='ltr'><strong>Pio</strong></span> <span class='ocrx_word' id='word_1_47' title='bbox 1287 1073 1318 1127; x_wconf 93' lang='lat' dir='ltr'><strong>et</strong></span> <span class='ocrx_word' id='word_1_48' title='bbox 1339 1063 1421 1144; x_wconf 61' lang='lat' dir='ltr'><strong>seqqss</strong></span> <span class='ocrx_word' id='word_1_49' title='bbox 1446 1069 1604 1146; x_wconf 84' lang='lat' dir='ltr'><strong>intellego:</strong></span> <span class='ocrx_word' id='word_1_50' title='bbox 1634 1075 1740 1128; x_wconf 90' lang='lat' dir='ltr'><strong>contra</strong></span> <span class='ocrx_word' id='word_1_51' title='bbox 1767 1068 1971 1138; x_wconf 88' lang='lat' dir='ltr'><strong>Burmannus,</strong></span> <span class='ocrx_word' id='word_1_52' title='bbox 1999 1068 2133 1145; x_wconf 90' lang='lat' dir='ltr'><strong>Huguet.</strong></span> 
     </span>
     <span class='ocr_line' id='line_1_6' title="bbox 525 1171 1844 1253; baseline 0.002 -23"><span class='ocrx_word' id='word_1_53' title='bbox 525 1171 680 1232; x_wconf 91' lang='lat' dir='ltr'><strong>Bendicho</strong></span> <span class='ocrx_word' id='word_1_54' title='bbox 701 1195 722 1250; x_wconf 92' lang='lat' dir='ltr'>y</span> <span class='ocrx_word' id='word_1_55' title='bbox 745 1171 857 1252; x_wconf 80' lang='lat' dir='ltr'><strong>Quilty,</strong></span> <span class='ocrx_word' id='word_1_56' title='bbox 879 1174 1006 1252; x_wconf 83' lang='lat' dir='ltr'><strong>Langen</strong></span> <span class='ocrx_word' id='word_1_57' title='bbox 1027 1174 1065 1233; x_wconf 93' lang='lat' dir='ltr'><strong>de</strong></span> <span class='ocrx_word' id='word_1_58' title='bbox 1086 1194 1158 1233; x_wconf 88' lang='lat' dir='ltr'><strong>auro</strong></span> <span class='ocrx_word' id='word_1_59' title='bbox 1179 1175 1209 1233; x_wconf 91' lang='lat' dir='ltr'><strong>in</strong></span> <span class='ocrx_word' id='word_1_60' title='bbox 1231 1180 1338 1233; x_wconf 87' lang='lat' dir='ltr'><strong>tennes</strong></span> <span class='ocrx_word' id='word_1_61' title='bbox 1358 1176 1484 1234; x_wconf 88' lang='lat' dir='ltr'><strong>laminas</strong></span> <span class='ocrx_word' id='word_1_62' title='bbox 1505 1179 1604 1234; x_wconf 88' lang='lat' dir='ltr'><strong>tracto</strong></span> <span class='ocrx_word' id='word_1_63' title='bbox 1625 1176 1844 1253; x_wconf 87' lang='lat' dir='ltr'><strong>cogitaverrmt.</strong></span> 
     </span>
    </p>
   </div>
   <div class='ocr_carea' id='block_1_3' title="bbox 604 1259 2135 1362">
    <p class='ocr_par' dir='ltr' id='par_1_3' title="bbox 604 1259 2135 1362">
     <span class='ocr_line' id='line_1_7' title="bbox 604 1259 2135 1362; baseline 0 -24"><span class='ocrx_word' id='word_1_64' title='bbox 604 1279 671 1339; x_wconf 85' lang='lat' dir='ltr'><strong>Lib.</strong></span> <span class='ocrx_word' id='word_1_65' title='bbox 694 1281 757 1340; x_wconf 89' lang='lat' dir='ltr'><strong>VII</strong></span> <span class='ocrx_word' id='word_1_66' title='bbox 778 1283 816 1340; x_wconf 73' lang='lat'><strong>52</strong></span> <span class='ocrx_word' id='word_1_67' title='bbox 839 1281 877 1340; x_wconf 92' lang='lat' dir='ltr'><strong>de</strong></span> <span class='ocrx_word' id='word_1_68' title='bbox 899 1283 1006 1360; x_wconf 90' lang='lat' dir='ltr'><strong>piratis</strong></span> <span class='ocrx_word' id='word_1_69' title='bbox 1027 1284 1116 1342; x_wconf 90' lang='lat' dir='ltr'><strong>etiam</strong></span> <span class='ocrx_word' id='word_1_70' title='bbox 1139 1281 1265 1341; x_wconf 89' lang='lat' dir='ltr'><strong>hiberno</strong></span> <span class='ocrx_word' id='word_1_71' title='bbox 1285 1287 1420 1360; x_wconf 89' lang='lat' dir='ltr'><strong>ternpore</strong></span> <span class='ocrx_word' id='word_1_72' title='bbox 1440 1303 1496 1360; x_wconf 88' lang='lat' dir='ltr'><strong>per</strong></span> <span class='ocrx_word' id='word_1_73' title='bbox 1517 1284 1613 1341; x_wconf 86' lang='grc'><strong>1119119</strong></span> <span class='ocrx_word' id='word_1_74' title='bbox 1633 1282 1817 1362; x_wconf 88' lang='lat' dir='ltr'><strong>vagantibus</strong></span> <span class='ocrx_word' id='word_1_75' title='bbox 1838 1283 1895 1342; x_wconf 91' lang='lat' dir='ltr'><strong>hoc</strong></span> <span class='ocrx_word' id='word_1_76' title='bbox 1910 1259 1979 1343; x_wconf 89' lang='lat' dir='ltr'><strong>loco</strong></span> <span class='ocrx_word' id='word_1_77' title='bbox 1994 1281 2045 1359; x_wconf 86' lang='lat' dir='ltr'><strong>agi</strong></span> <span class='ocrx_word' id='word_1_78' title='bbox 2058 1280 2135 1339; x_wconf 89' lang='lat' dir='ltr'><strong>Bor-</strong></span> 
     </span>
    </p>
   </div>
   <div class='ocr_carea' id='block_1_4' title="bbox 522 1389 2185 5672">
    <p class='ocr_par' dir='ltr' id='par_1_4' title="bbox 525 1389 2135 2225">
     <span class='ocr_line' id='line_1_8' title="bbox 525 1389 2132 1469; baseline 0 -23"><span class='ocrx_word' id='word_1_79' title='bbox 525 1409 651 1448; x_wconf 86' lang='lat' dir='ltr'><strong>mannus</strong></span> <span class='ocrx_word' id='word_1_80' title='bbox 673 1395 768 1466; x_wconf 88' lang='lat' dir='ltr'><strong>putat.</strong></span> <span class='ocrx_word' id='word_1_81' title='bbox 791 1389 904 1448; x_wconf 81' lang='lat' dir='ltr'><strong>Contra</strong></span> <span class='ocrx_word' id='word_1_82' title='bbox 923 1389 1012 1466; x_wconf 80' lang='lat' dir='ltr'><strong>Pius,</strong></span> <span class='ocrx_word' id='word_1_83' title='bbox 1034 1390 1186 1468; x_wconf 79' lang='lat' dir='ltr'><strong>Wagner,</strong></span> <span class='ocrx_word' id='word_1_84' title='bbox 1208 1391 1350 1467; x_wconf 86' lang='lat' dir='ltr'><strong>Huguet,</strong></span> <span class='ocrx_word' id='word_1_85' title='bbox 1375 1390 1518 1468; x_wconf 89' lang='lat' dir='ltr'><strong>Langen,</strong></span> <span class='ocrx_word' id='word_1_86' title='bbox 1541 1390 1592 1449; x_wconf 89' lang='lat' dir='ltr'><strong>alii</strong></span> <span class='ocrx_word' id='word_1_87' title='bbox 1614 1390 1652 1448; x_wconf 91' lang='grc'><strong>(19</strong></span> <span class='ocrx_word' id='word_1_88' title='bbox 1672 1389 1831 1469; x_wconf 79' lang='lat' dir='ltr'><strong>naufragis</strong></span> <span class='ocrx_word' id='word_1_89' title='bbox 1850 1390 1949 1448; x_wconf 86' lang='lat' dir='ltr'><strong>hierna</strong></span> <span class='ocrx_word' id='word_1_90' title='bbox 1969 1389 2000 1446; x_wconf 91' lang='lat' dir='ltr'><strong>in</strong></span> <span class='ocrx_word' id='word_1_91' title='bbox 2021 1394 2132 1447; x_wconf 88' lang='lat' dir='ltr'><strong>terram</strong></span> 
     </span>
     <span class='ocr_line' id='line_1_9' title="bbox 526 1493 2134 1573; baseline -0.001 -21"><span class='ocrx_word' id='word_1_92' title='bbox 526 1494 631 1552; x_wconf 89' lang='lat' dir='ltr'><strong>eiectis</strong></span> <span class='ocrx_word' id='word_1_93' title='bbox 652 1500 683 1553; x_wconf 88' lang='lat' dir='ltr'><strong>et</strong></span> <span class='ocrx_word' id='word_1_94' title='bbox 704 1496 880 1572; x_wconf 79' lang='lat' dir='ltr'><strong>expoliatis:</strong></span> <span class='ocrx_word' id='word_1_95' title='bbox 903 1496 981 1572; x_wconf 89' lang='lat' dir='ltr'><strong>quod</strong></span> <span class='ocrx_word' id='word_1_96' title='bbox 1005 1498 1090 1555; x_wconf 87' lang='lat' dir='ltr'><strong>malo.</strong></span> <span class='ocrx_word' id='word_1_97' title='bbox 1173 1497 1268 1555; x_wconf 84' lang='grc'><strong>59-60</strong></span> <span class='ocrx_word' id='word_1_98' title='bbox 1287 1497 1344 1556; x_wconf 84' lang='lat' dir='ltr'><strong>si...</strong></span> <span class='ocrx_word' id='word_1_99' title='bbox 1369 1498 1442 1557; x_wconf 83' lang='lat' dir='ltr'><strong>lutet</strong></span> <span class='ocrx_word' id='word_1_100' title='bbox 1463 1517 1523 1557; x_wconf 86' lang='lat' dir='ltr'><strong>aaa</strong></span> <span class='ocrx_word' id='word_1_101' title='bbox 1544 1497 1640 1557; x_wconf 79' lang='lat' dir='ltr'><strong>neseio</strong></span> <span class='ocrx_word' id='word_1_102' title='bbox 1662 1497 1736 1573; x_wconf 82' lang='lat' dir='ltr'><strong>quid</strong></span> <span class='ocrx_word' id='word_1_103' title='bbox 1752 1498 1826 1573; x_wconf 79' lang='lat' dir='ltr'><strong>plue</strong></span> <span class='ocrx_word' id='word_1_104' title='bbox 1843 1515 1945 1572; x_wconf 77' lang='lat' dir='ltr'><strong>puppe</strong></span> <span class='ocrx_word' id='word_1_105' title='bbox 1964 1495 2043 1554; x_wconf 78' lang='lat' dir='ltr'><strong>viria</strong></span> <span class='ocrx_word' id='word_1_106' title='bbox 2069 1493 2134 1552; x_wconf 88' lang='lat' dir='ltr'><strong>Ma-</strong></span> 
     </span>
     <span class='ocr_line' id='line_1_10' title="bbox 527 1600 2135 1683; baseline -0.001 -25"><span class='ocrx_word' id='word_1_107' title='bbox 527 1602 625 1660; x_wconf 80' lang='lat' dir='ltr'><strong>serius</strong></span> <span class='ocrx_word' id='word_1_108' title='bbox 646 1604 690 1662; x_wconf 89' lang='lat' dir='ltr'><strong>sic</strong></span> <span class='ocrx_word' id='word_1_109' title='bbox 712 1603 859 1680; x_wconf 89' lang='lat' dir='ltr'><strong>explicat:</strong></span> <span class='ocrx_word' id='word_1_110' title='bbox 882 1605 907 1662; x_wconf 93' lang='lat' dir='ltr'><strong>si</strong></span> <span class='ocrx_word' id='word_1_111' title='bbox 929 1623 1022 1662; x_wconf 86' lang='lat' dir='ltr'><strong>naves</strong></span> <span class='ocrx_word' id='word_1_112' title='bbox 1044 1625 1103 1664; x_wconf 87' lang='lat' dir='ltr'><strong>una</strong></span> <span class='ocrx_word' id='word_1_113' title='bbox 1123 1605 1192 1683; x_wconf 88' lang='lat' dir='ltr'><strong>plus</strong></span> <span class='ocrx_word' id='word_1_114' title='bbox 1214 1604 1332 1663; x_wconf 87' lang='lat' dir='ltr'><strong>habetis</strong></span> <span class='ocrx_word' id='word_1_115' title='bbox 1352 1603 1462 1680; x_wconf 87' lang='lat' dir='ltr'><strong>quibus</strong></span> <span class='ocrx_word' id='word_1_116' title='bbox 1482 1606 1607 1664; x_wconf 88' lang='lat' dir='ltr'><strong>tentetis</strong></span> <span class='ocrx_word' id='word_1_117' title='bbox 1628 1605 1753 1664; x_wconf 90' lang='lat' dir='ltr'><strong>insidias</strong></span> <span class='ocrx_word' id='word_1_118' title='bbox 1774 1609 1901 1663; x_wconf 87' lang='lat' dir='ltr'><strong>struere.</strong></span> <span class='ocrx_word' id='word_1_119' title='bbox 1923 1603 2033 1662; x_wconf 90' lang='lat' dir='ltr'><strong>Melius</strong></span> <span class='ocrx_word' id='word_1_120' title='bbox 2060 1600 2135 1658; x_wconf 90' lang='lat' dir='ltr'><strong>Pius</strong></span> 
     </span>
     <span class='ocr_line' id='line_1_11' title="bbox 526 1711 2133 1790; baseline 0.001 -22"><span class='ocrx_word' id='word_1_121' title='bbox 526 1717 557 1768; x_wconf 89' lang='lat' dir='ltr'><strong>et</strong></span> <span class='ocrx_word' id='word_1_122' title='bbox 577 1729 669 1786; x_wconf 84' lang='lat' dir='ltr'><strong>seqq:</strong></span> <span class='ocrx_word' id='word_1_123' title='bbox 691 1711 716 1767; x_wconf 87' lang='lat' dir='ltr'><strong>si</strong></span> <span class='ocrx_word' id='word_1_124' title='bbox 738 1712 768 1768; x_wconf 92' lang='lat' dir='ltr'><strong>in</strong></span> <span class='ocrx_word' id='word_1_125' title='bbox 790 1731 849 1768; x_wconf 91' lang='lat' dir='ltr'><strong>una</strong></span> <span class='ocrx_word' id='word_1_126' title='bbox 871 1711 929 1770; x_wconf 88' lang='lat' dir='ltr'><strong>ista</strong></span> <span class='ocrx_word' id='word_1_127' title='bbox 951 1731 1026 1770; x_wconf 88' lang='lat' dir='ltr'><strong>nave</strong></span> <span class='ocrx_word' id='word_1_128' title='bbox 1048 1712 1142 1771; x_wconf 87' lang='lat' dir='ltr'><strong>lateat</strong></span> <span class='ocrx_word' id='word_1_129' title='bbox 1163 1713 1323 1790; x_wconf 90' lang='lat' dir='ltr'><strong>quidplus</strong></span> <span class='ocrx_word' id='word_1_130' title='bbox 1337 1713 1412 1771; x_wconf 88' lang='lat' dir='ltr'><strong>viris</strong></span> <span class='ocrx_word' id='word_1_131' title='bbox 1427 1712 1605 1772; x_wconf 83' lang='lat' dir='ltr'><strong>mortalibus</strong></span> <span class='ocrx_word' id='word_1_132' title='bbox 1619 1714 1728 1772; x_wconf 88' lang='lat' dir='ltr'><strong>valeat.</strong></span> <span class='ocrx_word' id='word_1_133' title='bbox 1813 1713 1884 1770; x_wconf 81' lang='lat'>71·2</span> <span class='ocrx_word' id='word_1_134' title='bbox 1898 1711 2001 1788; x_wconf 75' lang='lat' dir='ltr'><strong>siquid</strong></span> <span class='ocrx_word' id='word_1_135' title='bbox 2023 1711 2054 1770; x_wconf 86' lang='lat' dir='ltr'><strong>ia</strong></span> <span class='ocrx_word' id='word_1_136' title='bbox 2075 1711 2133 1769; x_wconf 83' lang='lat' dir='ltr'><strong>isto</strong></span> 
     </span>
     <span class='ocr_line' id='line_1_12' title="bbox 526 1818 2133 1898; baseline -0.001 -21"><span class='ocrx_word' id='word_1_137' title='bbox 526 1825 569 1879; x_wconf 76' lang='lat' dir='ltr'><strong>eet</strong></span> <span class='ocrx_word' id='word_1_138' title='bbox 589 1819 715 1878; x_wconf 81' lang='lat' dir='ltr'><strong>robore:</strong></span> <span class='ocrx_word' id='word_1_139' title='bbox 737 1818 862 1896; x_wconf 86' lang='lat' dir='ltr'><strong>Langen</strong></span> <span class='ocrx_word' id='word_1_140' title='bbox 885 1819 981 1878; x_wconf 92' lang='lat' dir='ltr'><strong>locum</strong></span> <span class='ocrx_word' id='word_1_141' title='bbox 1003 1839 1061 1878; x_wconf 93' lang='lat' dir='ltr'><strong>non</strong></span> <span class='ocrx_word' id='word_1_142' title='bbox 1083 1821 1230 1880; x_wconf 88' lang='lat' dir='ltr'><strong>intellexit</strong></span> <span class='ocrx_word' id='word_1_143' title='bbox 1251 1821 1295 1880; x_wconf 91' lang='lat' dir='ltr'><strong>sic</strong></span> <span class='ocrx_word' id='word_1_144' title='bbox 1316 1821 1490 1898; x_wconf 81' lang='lat' dir='ltr'><strong>explicans:</strong></span> <span class='ocrx_word' id='word_1_145' title='bbox 1512 1821 1612 1897; x_wconf 88' lang='lat' dir='ltr'><strong>siquid</strong></span> <span class='ocrx_word' id='word_1_146' title='bbox 1633 1821 1729 1880; x_wconf 88' lang='lat' dir='ltr'><strong>divini</strong></span> <span class='ocrx_word' id='word_1_147' title='bbox 1752 1821 1852 1880; x_wconf 88' lang='lat' dir='ltr'><strong>auxilii</strong></span> <span class='ocrx_word' id='word_1_148' title='bbox 1873 1825 1921 1878; x_wconf 90' lang='lat' dir='ltr'><strong>est</strong></span> <span class='ocrx_word' id='word_1_149' title='bbox 1935 1821 1966 1877; x_wconf 92' lang='lat' dir='ltr'><strong>in</strong></span> <span class='ocrx_word' id='word_1_150' title='bbox 1980 1819 2039 1877; x_wconf 86' lang='lat' dir='ltr'><strong>ista</strong></span> <span class='ocrx_word' id='word_1_151' title='bbox 2052 1819 2133 1877; x_wconf 90' lang='lat' dir='ltr'><strong>navi.</strong></span> 
     </span>
     <span class='ocr_line' id='line_1_13' title="bbox 527 1925 2133 2005; baseline -0.001 -21"><span class='ocrx_word' id='word_1_152' title='bbox 527 1927 642 1984; x_wconf 80' lang='lat' dir='ltr'><strong>Sensus</strong></span> <span class='ocrx_word' id='word_1_153' title='bbox 663 1928 743 1984; x_wconf 92' lang='lat' dir='ltr'><strong>enim</strong></span> <span class='ocrx_word' id='word_1_154' title='bbox 764 1933 828 1985; x_wconf 90' lang='lat' dir='ltr'><strong>est:</strong></span> <span class='ocrx_word' id='word_1_155' title='bbox 852 1927 951 2002; x_wconf 90' lang='lat' dir='ltr'><strong>siquid</strong></span> <span class='ocrx_word' id='word_1_156' title='bbox 972 1928 1037 2005; x_wconf 90' lang='lat' dir='ltr'><strong>spei</strong></span> <span class='ocrx_word' id='word_1_157' title='bbox 1058 1929 1089 1986; x_wconf 89' lang='lat' dir='ltr'><strong>in</strong></span> <span class='ocrx_word' id='word_1_158' title='bbox 1110 1929 1167 1986; x_wconf 91' lang='lat' dir='ltr'><strong>isto</strong></span> <span class='ocrx_word' id='word_1_159' title='bbox 1188 1935 1240 1986; x_wconf 90' lang='lat' dir='ltr'><strong>tuo</strong></span> <span class='ocrx_word' id='word_1_160' title='bbox 1262 1927 1369 1987; x_wconf 89' lang='lat' dir='ltr'><strong>robore</strong></span> <span class='ocrx_word' id='word_1_161' title='bbox 1390 1934 1445 2002; x_wconf 84' lang='lat' dir='ltr'><strong>est,</strong></span> <span class='ocrx_word' id='word_1_162' title='bbox 1467 1935 1501 1987; x_wconf 92' lang='grc'><strong>111</strong></span> <span class='ocrx_word' id='word_1_163' title='bbox 1521 1929 1603 2004; x_wconf 85' lang='grc' dir='ltr'><strong>Ρ1119,</strong></span> <span class='ocrx_word' id='word_1_164' title='bbox 1624 1927 1801 2003; x_wconf 89' lang='lat' dir='ltr'><strong>Delamalle,</strong></span> <span class='ocrx_word' id='word_1_165' title='bbox 1823 1925 1961 1998; x_wconf 82' lang='grc'><strong>0911911111,</strong></span> <span class='ocrx_word' id='word_1_166' title='bbox 1985 1925 2133 1998; x_wconf 90' lang='lat' dir='ltr'><strong>Lemaire,</strong></span> 
     </span>
     <span class='ocr_line' id='line_1_14' title="bbox 526 2031 2134 2115; baseline -0.001 -23"><span class='ocrx_word' id='word_1_167' title='bbox 526 2035 661 2110; x_wconf 89' lang='lat' dir='ltr'><strong>Hugoet,</strong></span> <span class='ocrx_word' id='word_1_168' title='bbox 683 2033 838 2093; x_wconf 87' lang='lat' dir='ltr'><strong>Bendicho</strong></span> <span class='ocrx_word' id='word_1_169' title='bbox 858 2056 880 2112; x_wconf 90' lang='lat' dir='ltr'>y</span> <span class='ocrx_word' id='word_1_170' title='bbox 902 2035 1015 2112; x_wconf 75' lang='lat' dir='ltr'><strong>Quilty,</strong></span> <span class='ocrx_word' id='word_1_171' title='bbox 1037 2034 1108 2110; x_wconf 89' lang='lat' dir='ltr'><strong>Leo,</strong></span> <span class='ocrx_word' id='word_1_172' title='bbox 1131 2037 1181 2094; x_wconf 91' lang='lat' dir='ltr'><strong>alii</strong></span> <span class='ocrx_word' id='word_1_173' title='bbox 1203 2037 1402 2105; x_wconf 71' lang='lat' dir='ltr'><strong>coniecerunt,</strong></span> <span class='ocrx_word' id='word_1_174' title='bbox 1486 2037 1525 2094; x_wconf 82' lang='grc'><strong>13</strong></span> <span class='ocrx_word' id='word_1_175' title='bbox 1546 2036 1693 2096; x_wconf 78' lang='lat' dir='ltr'><strong>tenebris:</strong></span> <span class='ocrx_word' id='word_1_176' title='bbox 1713 2033 1796 2094; x_wconf 88' lang='lat' dir='ltr'><strong>forno</strong></span> <span class='ocrx_word' id='word_1_177' title='bbox 1817 2034 1933 2093; x_wconf 76' lang='lat' dir='ltr'><strong>sedicet</strong></span> <span class='ocrx_word' id='word_1_178' title='bbox 1946 2032 2058 2115; x_wconf 65' lang='lat' dir='ltr'><strong>[Burin</strong></span> <span class='ocrx_word' id='word_1_179' title='bbox 2073 2031 2134 2091; x_wconf 91' lang='lat' dir='ltr'><strong>De-</strong></span> 
     </span>
     <span class='ocr_line' id='line_1_15' title="bbox 525 2140 2133 2225; baseline -0.002 -24"><span class='ocrx_word' id='word_1_180' title='bbox 525 2140 653 2216; x_wconf 84' lang='lat' dir='ltr'><strong>lamalle,</strong></span> <span class='ocrx_word' id='word_1_181' title='bbox 677 2141 813 2211; x_wconf 79' lang='lat' dir='ltr'><strong>Caussin,</strong></span> <span class='ocrx_word' id='word_1_182' title='bbox 836 2142 992 2203; x_wconf 90' lang='lat' dir='ltr'><strong>Bendicho</strong></span> <span class='ocrx_word' id='word_1_183' title='bbox 1012 2163 1033 2220; x_wconf 88' lang='lat' dir='ltr'>y</span> <span class='ocrx_word' id='word_1_184' title='bbox 1055 2142 1169 2223; x_wconf 82' lang='lat' dir='ltr'><strong>Qttilty,</strong></span> <span class='ocrx_word' id='word_1_185' title='bbox 1192 2142 1354 2225; x_wconf 76' lang='lat' dir='ltr'><strong>Gebbingl.</strong></span> <span class='ocrx_word' id='word_1_186' title='bbox 1376 2145 1457 2202; x_wconf 91' lang='lat' dir='ltr'><strong>Male</strong></span> <span class='ocrx_word' id='word_1_187' title='bbox 1478 2143 1618 2219; x_wconf 88' lang='lat' dir='ltr'><strong>Wagner</strong></span> <span class='ocrx_word' id='word_1_188' title='bbox 1638 2143 1676 2201; x_wconf 92' lang='lat' dir='ltr'><strong>de</strong></span> <span class='ocrx_word' id='word_1_189' title='bbox 1697 2142 1832 2201; x_wconf 90' lang='lat' dir='ltr'><strong>tenebris</strong></span> <span class='ocrx_word' id='word_1_190' title='bbox 1852 2144 1950 2200; x_wconf 91' lang='lat' dir='ltr'><strong>noctis</strong></span> <span class='ocrx_word' id='word_1_191' title='bbox 1978 2141 2133 2218; x_wconf 81' lang='lat' dir='ltr'><strong>cogitarit.</strong></span> 
     </span>
    </p>

    <p class='ocr_par' dir='ltr' id='par_1_5' title="bbox 525 2250 2185 2441">
     <span class='ocr_line' id='line_1_16' title="bbox 608 2250 2133 2328; baseline -0.001 -19"><span class='ocrx_word' id='word_1_192' title='bbox 608 2251 702 2309; x_wconf 80' lang='lat'>84-85</span> <span class='ocrx_word' id='word_1_193' title='bbox 724 2250 771 2308; x_wconf 90' lang='lat' dir='ltr'><strong>lris</strong></span> <span class='ocrx_word' id='word_1_194' title='bbox 794 2250 931 2310; x_wconf 87' lang='lat' dir='ltr'><strong>versibus</strong></span> <span class='ocrx_word' id='word_1_195' title='bbox 952 2253 1029 2310; x_wconf 88' lang='lat' dir='ltr'><strong>nrira</strong></span> <span class='ocrx_word' id='word_1_196' title='bbox 1050 2258 1096 2310; x_wconf 90' lang='lat' dir='ltr'><strong>est</strong></span> <span class='ocrx_word' id='word_1_197' title='bbox 1118 2251 1278 2311; x_wconf 88' lang='lat' dir='ltr'><strong>lectionum</strong></span> <span class='ocrx_word' id='word_1_198' title='bbox 1292 2253 1434 2323; x_wconf 88' lang='lat' dir='ltr'><strong>varietas,</strong></span> <span class='ocrx_word' id='word_1_199' title='bbox 1449 2251 1503 2310; x_wconf 88' lang='lat' dir='ltr'><strong>sed</strong></span> <span class='ocrx_word' id='word_1_200' title='bbox 1518 2251 1656 2310; x_wconf 87' lang='lat' dir='ltr'><strong>codicum</strong></span> <span class='ocrx_word' id='word_1_201' title='bbox 1669 2252 1822 2328; x_wconf 87' lang='lat' dir='ltr'><strong>scriptura</strong></span> <span class='ocrx_word' id='word_1_202' title='bbox 1841 2270 1901 2308; x_wconf 91' lang='lat' dir='ltr'><strong>non</strong></span> <span class='ocrx_word' id='word_1_203' title='bbox 1921 2259 1969 2308; x_wconf 88' lang='lat' dir='ltr'><strong>est</strong></span> <span class='ocrx_word' id='word_1_204' title='bbox 1988 2250 2133 2309; x_wconf 86' lang='lat' dir='ltr'><strong>vexanda.</strong></span> 
     </span>
     <span class='ocr_line' id='line_1_17' title="bbox 525 2356 2185 2441; baseline -0.002 -23"><span class='ocrx_word' id='word_1_205' title='bbox 525 2363 603 2418; x_wconf 76' lang='lat' dir='ltr'><strong>Arce</strong></span> <span class='ocrx_word' id='word_1_206' title='bbox 624 2359 655 2416; x_wconf 88' lang='lat' dir='ltr'><strong>id</strong></span> <span class='ocrx_word' id='word_1_207' title='bbox 677 2364 724 2416; x_wconf 88' lang='lat' dir='ltr'><strong>est</strong></span> <span class='ocrx_word' id='word_1_208' title='bbox 745 2360 827 2417; x_wconf 89' lang='lat' dir='ltr'><strong>eaelo</strong></span> <span class='ocrx_word' id='word_1_209' title='bbox 849 2356 986 2439; x_wconf 79' lang='lat' dir='ltr'><strong>[Caussin</strong></span> <span class='ocrx_word' id='word_1_210' title='bbox 1009 2367 1040 2418; x_wconf 88' lang='lat' dir='ltr'><strong>et</strong></span> <span class='ocrx_word' id='word_1_211' title='bbox 1061 2358 1206 2441; x_wconf 74' lang='lat' dir='ltr'><strong>Langenl,</strong></span> <span class='ocrx_word' id='word_1_212' title='bbox 1229 2379 1288 2418; x_wconf 90' lang='lat' dir='ltr'><strong>non</strong></span> <span class='ocrx_word' id='word_1_213' title='bbox 1309 2361 1386 2418; x_wconf 90' lang='lat' dir='ltr'><strong>turri</strong></span> <span class='ocrx_word' id='word_1_214' title='bbox 1407 2357 1578 2440; x_wconf 71' lang='lat' dir='ltr'><strong>[Maserius</strong></span> <span class='ocrx_word' id='word_1_215' title='bbox 1601 2359 1683 2432; x_wconf 90' lang='lat' dir='ltr'><strong>Pius,</strong></span> <span class='ocrx_word' id='word_1_216' title='bbox 1699 2359 1900 2434; x_wconf 76' lang='lat' dir='ltr'><strong>Burmannus,</strong></span> <span class='ocrx_word' id='word_1_217' title='bbox 1915 2358 2049 2434; x_wconf 76' lang='lat' dir='ltr'><strong>Huguet</strong></span> <span class='ocrx_word' id='word_1_218' title='bbox 2062 2356 2132 2439; x_wconf 74' lang='lat' dir='ltr'><strong>aliil.</strong></span> <span class='ocrx_word' id='word_1_219' title='bbox 2181 2428 2185 2434; x_wconf 28' lang='grc' dir='ltr'>Ι</span> 
     </span>
    </p>

    <p class='ocr_par' dir='ltr' id='par_1_6' title="bbox 524 2464 2135 2649">
     <span class='ocr_line' id='line_1_18' title="bbox 604 2464 2135 2544; baseline -0.002 -21"><span class='ocrx_word' id='word_1_220' title='bbox 604 2464 644 2522; x_wconf 88' lang='grc'><strong>88</strong></span> <span class='ocrx_word' id='word_1_221' title='bbox 666 2467 766 2525; x_wconf 81' lang='lat' dir='ltr'><strong>obtutu</strong></span> <span class='ocrx_word' id='word_1_222' title='bbox 790 2466 939 2540; x_wconf 74' lang='lat' dir='ltr'><strong>consurgit</strong></span> <span class='ocrx_word' id='word_1_223' title='bbox 962 2467 999 2524; x_wconf 84' lang='grc'><strong>(111</strong></span> <span class='ocrx_word' id='word_1_224' title='bbox 1022 2468 1083 2526; x_wconf 85' lang='lat' dir='ltr'><strong>ulto</strong></span> <span class='ocrx_word' id='word_1_225' title='bbox 1106 2471 1187 2525; x_wconf 89' lang='lat' dir='ltr'><strong>recte</strong></span> <span class='ocrx_word' id='word_1_226' title='bbox 1202 2466 1370 2525; x_wconf 91' lang='lat' dir='ltr'><strong>Delamalle</strong></span> <span class='ocrx_word' id='word_1_227' title='bbox 1391 2472 1422 2526; x_wconf 87' lang='lat' dir='ltr'><strong>et</strong></span> <span class='ocrx_word' id='word_1_228' title='bbox 1442 2466 1568 2544; x_wconf 84' lang='lat' dir='ltr'><strong>Langen</strong></span> <span class='ocrx_word' id='word_1_229' title='bbox 1583 2464 1775 2542; x_wconf 87' lang='lat' dir='ltr'><strong>interpretati</strong></span> <span class='ocrx_word' id='word_1_230' title='bbox 1795 2471 1884 2523; x_wconf 88' lang='lat' dir='ltr'><strong>srmt:</strong></span> <span class='ocrx_word' id='word_1_231' title='bbox 1907 2465 2001 2523; x_wconf 89' lang='lat' dir='ltr'><strong>altum</strong></span> <span class='ocrx_word' id='word_1_232' title='bbox 2021 2464 2135 2540; x_wconf 83' lang='lat' dir='ltr'><strong>rumpit</strong></span> 
     </span>
     <span class='ocr_line' id='line_1_19' title="bbox 524 2570 2132 2649; baseline 0.001 -22"><span class='ocrx_word' id='word_1_233' title='bbox 524 2571 685 2628; x_wconf 85' lang='lat' dir='ltr'><strong>silentium.</strong></span> <span class='ocrx_word' id='word_1_234' title='bbox 708 2570 876 2648; x_wconf 86' lang='lat' dir='ltr'><strong>Explicatio</strong></span> <span class='ocrx_word' id='word_1_235' title='bbox 898 2579 997 2630; x_wconf 88' lang='lat' dir='ltr'><strong>autern</strong></span> <span class='ocrx_word' id='word_1_236' title='bbox 1017 2574 1143 2649; x_wconf 89' lang='lat' dir='ltr'><strong>vulgata</strong></span> <span class='ocrx_word' id='word_1_237' title='bbox 1163 2574 1206 2630; x_wconf 91' lang='lat' dir='ltr'><strong>ita</strong></span> <span class='ocrx_word' id='word_1_238' title='bbox 1227 2593 1260 2631; x_wconf 91' lang='lat' dir='ltr'><strong>se</strong></span> <span class='ocrx_word' id='word_1_239' title='bbox 1282 2571 1393 2631; x_wconf 90' lang='lat' dir='ltr'><strong>habet:</strong></span> <span class='ocrx_word' id='word_1_240' title='bbox 1414 2574 1515 2631; x_wconf 89' lang='lat' dir='ltr'><strong>oeulos</strong></span> <span class='ocrx_word' id='word_1_241' title='bbox 1535 2572 1594 2631; x_wconf 89' lang='lat' dir='ltr'><strong>huc</strong></span> <span class='ocrx_word' id='word_1_242' title='bbox 1614 2591 1709 2647; x_wconf 87' lang='lat' dir='ltr'><strong>usque</strong></span> <span class='ocrx_word' id='word_1_243' title='bbox 1730 2573 1760 2630; x_wconf 90' lang='lat' dir='ltr'><strong>in</strong></span> <span class='ocrx_word' id='word_1_244' title='bbox 1780 2579 1893 2630; x_wconf 85' lang='lat' dir='ltr'><strong>terram</strong></span> <span class='ocrx_word' id='word_1_245' title='bbox 1914 2570 2026 2630; x_wconf 87' lang='lat' dir='ltr'><strong>defixos</strong></span> <span class='ocrx_word' id='word_1_246' title='bbox 2045 2571 2132 2630; x_wconf 83' lang='lat' dir='ltr'><strong>tollit.</strong></span> 
     </span>
    </p>

    <p class='ocr_par' dir='ltr' id='par_1_7' title="bbox 522 2677 2141 3523">
     <span class='ocr_line' id='line_1_20' title="bbox 608 2677 2133 2759; baseline 0.002 -25"><span class='ocrx_word' id='word_1_247' title='bbox 608 2677 665 2735; x_wconf 88' lang='grc'><strong>103</strong></span> <span class='ocrx_word' id='word_1_248' title='bbox 687 2679 799 2738; x_wconf 82' lang='lat' dir='ltr'><strong>aredius</strong></span> <span class='ocrx_word' id='word_1_249' title='bbox 820 2678 897 2739; x_wconf 82' lang='lat' dir='ltr'><strong>inter</strong></span> <span class='ocrx_word' id='word_1_250' title='bbox 917 2680 1035 2739; x_wconf 85' lang='lat' dir='ltr'><strong>deserto</strong></span> <span class='ocrx_word' id='word_1_251' title='bbox 1053 2688 1214 2756; x_wconf 72' lang='lat' dir='ltr'><strong>parentes:</strong></span> <span class='ocrx_word' id='word_1_252' title='bbox 1234 2682 1346 2759; x_wconf 89' lang='lat' dir='ltr'><strong>optime</strong></span> <span class='ocrx_word' id='word_1_253' title='bbox 1367 2688 1448 2739; x_wconf 88' lang='lat' dir='ltr'><strong>totus</strong></span> <span class='ocrx_word' id='word_1_254' title='bbox 1469 2681 1552 2739; x_wconf 89' lang='lat' dir='ltr'><strong>locus</strong></span> <span class='ocrx_word' id='word_1_255' title='bbox 1573 2683 1619 2739; x_wconf 90' lang='lat' dir='ltr'><strong>sic</strong></span> <span class='ocrx_word' id='word_1_256' title='bbox 1638 2681 1823 2757; x_wconf 85' lang='lat' dir='ltr'><strong>explicatur:</strong></span> <span class='ocrx_word' id='word_1_257' title='bbox 1837 2681 1975 2754; x_wconf 89' lang='lat' dir='ltr'><strong>quamvis</strong></span> <span class='ocrx_word' id='word_1_258' title='bbox 1988 2680 2068 2738; x_wconf 88' lang='lat' dir='ltr'><strong>inter</strong></span> <span class='ocrx_word' id='word_1_259' title='bbox 2080 2700 2133 2758; x_wconf 89' lang='lat' dir='ltr'><strong>pa-</strong></span> 
     </span>
     <span class='ocr_line' id='line_1_21' title="bbox 522 2771 2141 2866; baseline 0.001 -23"><span class='ocrx_word' id='word_1_260' title='bbox 522 2793 624 2844; x_wconf 89' lang='lat' dir='ltr'><strong>rentes</strong></span> <span class='ocrx_word' id='word_1_261' title='bbox 647 2786 733 2862; x_wconf 85' lang='lat' dir='ltr'><strong>virgo</strong></span> <span class='ocrx_word' id='word_1_262' title='bbox 755 2787 818 2844; x_wconf 89' lang='lat' dir='ltr'><strong>sola</strong></span> <span class='ocrx_word' id='word_1_263' title='bbox 838 2786 896 2846; x_wconf 89' lang='lat' dir='ltr'><strong>sibi</strong></span> <span class='ocrx_word' id='word_1_264' title='bbox 918 2788 1039 2846; x_wconf 89' lang='lat' dir='ltr'><strong>videtur</strong></span> <span class='ocrx_word' id='word_1_265' title='bbox 1060 2789 1205 2865; x_wconf 74' lang='lat' dir='ltr'><strong>relinqui,</strong></span> <span class='ocrx_word' id='word_1_266' title='bbox 1229 2789 1403 2850; x_wconf 86' lang='lat' dir='ltr'><strong>discedente</strong></span> <span class='ocrx_word' id='word_1_267' title='bbox 1425 2790 1475 2848; x_wconf 92' lang='lat' dir='ltr'><strong>illo</strong></span> <span class='ocrx_word' id='word_1_268' title='bbox 1496 2790 1546 2864; x_wconf 91' lang='lat' dir='ltr'><strong>qui</strong></span> <span class='ocrx_word' id='word_1_269' title='bbox 1567 2790 1626 2847; x_wconf 89' lang='lat' dir='ltr'><strong>iarn</strong></span> <span class='ocrx_word' id='word_1_270' title='bbox 1648 2795 1713 2847; x_wconf 89' lang='lat' dir='ltr'><strong>turn</strong></span> <span class='ocrx_word' id='word_1_271' title='bbox 1740 2789 1799 2866; x_wconf 92' lang='lat' dir='ltr'><strong>ipsi</strong></span> <span class='ocrx_word' id='word_1_272' title='bbox 1826 2792 1874 2846; x_wconf 91' lang='lat' dir='ltr'><strong>est</strong></span> <span class='ocrx_word' id='word_1_273' title='bbox 1900 2807 1978 2845; x_wconf 88' lang='lat' dir='ltr'><strong>unus</strong></span> <span class='ocrx_word' id='word_1_274' title='bbox 2002 2771 2141 2845; x_wconf 84' lang='lat' dir='ltr'><strong>omnium</strong></span> 
     </span>
     <span class='ocr_line' id='line_1_22' title="bbox 527 2890 2134 2977; baseline 0.001 -26"><span class='ocrx_word' id='word_1_275' title='bbox 527 2894 591 2952; x_wconf 85' lang='lat' dir='ltr'><strong>loeo</strong></span> <span class='ocrx_word' id='word_1_276' title='bbox 613 2890 789 2973; x_wconf 88' lang='lat' dir='ltr'><strong>[Delamalle</strong></span> <span class='ocrx_word' id='word_1_277' title='bbox 810 2902 841 2954; x_wconf 94' lang='lat' dir='ltr'><strong>et</strong></span> <span class='ocrx_word' id='word_1_278' title='bbox 863 2895 965 2977; x_wconf 85' lang='lat' dir='ltr'><strong>seqq.].</strong></span> <span class='ocrx_word' id='word_1_279' title='bbox 987 2897 1048 2955; x_wconf 85' lang='lat' dir='ltr'><strong>Alii</strong></span> <span class='ocrx_word' id='word_1_280' title='bbox 1072 2897 1159 2956; x_wconf 90' lang='lat' dir='ltr'><strong>aliter</strong></span> <span class='ocrx_word' id='word_1_281' title='bbox 1179 2898 1297 2957; x_wconf 79' lang='grc'><strong>(1999119</strong></span> <span class='ocrx_word' id='word_1_282' title='bbox 1312 2899 1559 2974; x_wconf 85' lang='lat' dir='ltr'><strong>interpretantur.</strong></span> <span class='ocrx_word' id='word_1_283' title='bbox 1574 2897 1741 2955; x_wconf 83' lang='lat' dir='ltr'><strong>Maserius:</strong></span> <span class='ocrx_word' id='word_1_284' title='bbox 1756 2895 1879 2954; x_wconf 89' lang='lat' dir='ltr'><strong>deserta</strong></span> <span class='ocrx_word' id='word_1_285' title='bbox 1892 2916 1910 2953; x_wconf 90' lang='lat' dir='ltr'><strong>a</strong></span> <span class='ocrx_word' id='word_1_286' title='bbox 1923 2894 2041 2966; x_wconf 86' lang='lat' dir='ltr'><strong>Iasone;</strong></span> <span class='ocrx_word' id='word_1_287' title='bbox 2055 2893 2134 2952; x_wconf 91' lang='lat' dir='ltr'><strong>Bur-</strong></span> 
     </span>
     <span class='ocr_line' id='line_1_23' title="bbox 525 3005 2131 3088; baseline 0.001 -25"><span class='ocrx_word' id='word_1_288' title='bbox 525 3022 670 3064; x_wconf 88' lang='lat' dir='ltr'><strong>mannus:</strong></span> <span class='ocrx_word' id='word_1_289' title='bbox 693 3005 847 3076; x_wconf 84' lang='lat' dir='ltr'><strong>destitnta,</strong></span> <span class='ocrx_word' id='word_1_290' title='bbox 871 3007 1048 3084; x_wconf 87' lang='lat' dir='ltr'><strong>desperata;</strong></span> <span class='ocrx_word' id='word_1_291' title='bbox 1071 3007 1228 3085; x_wconf 88' lang='lat' dir='ltr'><strong>Wagner:</strong></span> <span class='ocrx_word' id='word_1_292' title='bbox 1250 3010 1345 3088; x_wconf 89' lang='lat' dir='ltr'><strong>inops.</strong></span> <span class='ocrx_word' id='word_1_293' title='bbox 1430 3011 1488 3068; x_wconf 89' lang='grc'><strong>109</strong></span> <span class='ocrx_word' id='word_1_294' title='bbox 1511 3010 1548 3068; x_wconf 91' lang='lat' dir='ltr'><strong>de</strong></span> <span class='ocrx_word' id='word_1_295' title='bbox 1569 3009 1658 3067; x_wconf 88' lang='lat' dir='ltr'><strong>huius</strong></span> <span class='ocrx_word' id='word_1_296' title='bbox 1679 3028 1785 3067; x_wconf 89' lang='lat' dir='ltr'><strong>versus</strong></span> <span class='ocrx_word' id='word_1_297' title='bbox 1806 3009 1957 3067; x_wconf 88' lang='lat' dir='ltr'><strong>sententia</strong></span> <span class='ocrx_word' id='word_1_298' title='bbox 1978 3010 2036 3067; x_wconf 90' lang='lat' dir='ltr'><strong>viri</strong></span> <span class='ocrx_word' id='word_1_299' title='bbox 2051 3009 2131 3067; x_wconf 88' lang='lat' dir='ltr'><strong>docti</strong></span> 
     </span>
     <span class='ocr_line' id='line_1_24' title="bbox 525 3118 2133 3197; baseline 0.001 -22"><span class='ocrx_word' id='word_1_300' title='bbox 525 3119 604 3179; x_wconf 86' lang='lat' dir='ltr'><strong>inter</strong></span> <span class='ocrx_word' id='word_1_301' title='bbox 625 3141 658 3180; x_wconf 89' lang='lat' dir='ltr'><strong>se</strong></span> <span class='ocrx_word' id='word_1_302' title='bbox 679 3141 737 3179; x_wconf 91' lang='lat' dir='ltr'><strong>non</strong></span> <span class='ocrx_word' id='word_1_303' title='bbox 759 3119 957 3180; x_wconf 86' lang='lat' dir='ltr'><strong>consentiunt.</strong></span> <span class='ocrx_word' id='word_1_304' title='bbox 978 3120 1080 3195; x_wconf 85' lang='lat' dir='ltr'><strong>Buaio,</strong></span> <span class='ocrx_word' id='word_1_305' title='bbox 1102 3119 1249 3197; x_wconf 85' lang='lat' dir='ltr'><strong>Wagner,</strong></span> <span class='ocrx_word' id='word_1_306' title='bbox 1270 3119 1447 3196; x_wconf 88' lang='lat' dir='ltr'><strong>Delamalle,</strong></span> <span class='ocrx_word' id='word_1_307' title='bbox 1467 3120 1602 3196; x_wconf 86' lang='lat' dir='ltr'><strong>Huguet,</strong></span> <span class='ocrx_word' id='word_1_308' title='bbox 1623 3118 1778 3178; x_wconf 89' lang='lat' dir='ltr'><strong>Bendioho</strong></span> <span class='ocrx_word' id='word_1_309' title='bbox 1791 3140 1812 3195; x_wconf 97' lang='lat' dir='ltr'>y</span> <span class='ocrx_word' id='word_1_310' title='bbox 1826 3119 1950 3197; x_wconf 81' lang='lat' dir='ltr'><strong>Qttilty:</strong></span> <span class='ocrx_word' id='word_1_311' title='bbox 1967 3118 2133 3196; x_wconf 86' lang='lat' dir='ltr'><strong>cupiditate</strong></span> 
     </span>
     <span class='ocr_line' id='line_1_25' title="bbox 525 3225 2133 3305; baseline -0.002 -19"><span class='ocrx_word' id='word_1_312' title='bbox 525 3229 666 3286; x_wconf 90' lang='lat' dir='ltr'><strong>Iasonem</strong></span> <span class='ocrx_word' id='word_1_313' title='bbox 687 3226 831 3301; x_wconf 87' lang='lat' dir='ltr'><strong>sequendi</strong></span> <span class='ocrx_word' id='word_1_314' title='bbox 852 3227 960 3286; x_wconf 87' lang='lat' dir='ltr'><strong>Medea</strong></span> <span class='ocrx_word' id='word_1_315' title='bbox 980 3227 1100 3305; x_wconf 87' lang='lat' dir='ltr'><strong>flagrat.</strong></span> <span class='ocrx_word' id='word_1_316' title='bbox 1122 3227 1281 3303; x_wconf 87' lang='lat' dir='ltr'><strong>Maserius,</strong></span> <span class='ocrx_word' id='word_1_317' title='bbox 1303 3228 1386 3298; x_wconf 88' lang='lat' dir='ltr'><strong>Pius,</strong></span> <span class='ocrx_word' id='word_1_318' title='bbox 1407 3227 1609 3303; x_wconf 90' lang='lat' dir='ltr'><strong>Burmannus,</strong></span> <span class='ocrx_word' id='word_1_319' title='bbox 1624 3226 1830 3288; x_wconf 85' lang='lat' dir='ltr'><strong>Pindemonte.</strong></span> <span class='ocrx_word' id='word_1_320' title='bbox 1846 3226 1982 3301; x_wconf 89' lang='lat' dir='ltr'><strong>Caussin,</strong></span> <span class='ocrx_word' id='word_1_321' title='bbox 1997 3225 2133 3303; x_wconf 83' lang='lat' dir='ltr'><strong>Langen:</strong></span> 
     </span>
     <span class='ocr_line' id='line_1_26' title="bbox 525 3331 2133 3410; baseline 0 -20"><span class='ocrx_word' id='word_1_322' title='bbox 525 3333 616 3390; x_wconf 87' lang='lat' dir='ltr'><strong>simul</strong></span> <span class='ocrx_word' id='word_1_323' title='bbox 637 3353 703 3391; x_wconf 88' lang='lat' dir='ltr'><strong>curn</strong></span> <span class='ocrx_word' id='word_1_324' title='bbox 726 3332 834 3390; x_wconf 89' lang='lat' dir='ltr'><strong>Iasone</strong></span> <span class='ocrx_word' id='word_1_325' title='bbox 855 3331 975 3390; x_wconf 88' lang='lat' dir='ltr'><strong>domum</strong></span> <span class='ocrx_word' id='word_1_326' title='bbox 996 3337 1026 3390; x_wconf 92' lang='lat' dir='ltr'><strong>et</strong></span> <span class='ocrx_word' id='word_1_327' title='bbox 1048 3333 1167 3390; x_wconf 89' lang='lat' dir='ltr'><strong>ianuam</strong></span> <span class='ocrx_word' id='word_1_328' title='bbox 1188 3332 1352 3409; x_wconf 86' lang='lat' dir='ltr'><strong>procedere</strong></span> <span class='ocrx_word' id='word_1_329' title='bbox 1373 3340 1458 3410; x_wconf 91' lang='lat' dir='ltr'><strong>optat</strong></span> <span class='ocrx_word' id='word_1_330' title='bbox 1477 3352 1515 3391; x_wconf 91' lang='lat' dir='ltr'><strong>ne</strong></span> <span class='ocrx_word' id='word_1_331' title='bbox 1536 3351 1652 3391; x_wconf 89' lang='lat' dir='ltr'><strong>amores</strong></span> <span class='ocrx_word' id='word_1_332' title='bbox 1672 3351 1690 3391; x_wconf 92' lang='lat' dir='ltr'><strong>e</strong></span> <span class='ocrx_word' id='word_1_333' title='bbox 1717 3337 1880 3410; x_wconf 86' lang='lat' dir='ltr'><strong>conspectu</strong></span> <span class='ocrx_word' id='word_1_334' title='bbox 1907 3332 2027 3390; x_wconf 88' lang='lat' dir='ltr'><strong>amittat</strong></span> <span class='ocrx_word' id='word_1_335' title='bbox 2054 3351 2133 3391; x_wconf 90' lang='lat' dir='ltr'><strong>suos.</strong></span> 
     </span>
     <span class='ocr_line' id='line_1_27' title="bbox 525 3439 2134 3523; baseline -0.001 -24"><span class='ocrx_word' id='word_1_336' title='bbox 525 3442 581 3499; x_wconf 91' lang='lat' dir='ltr'><strong>Pio</strong></span> <span class='ocrx_word' id='word_1_337' title='bbox 604 3439 735 3500; x_wconf 91' lang='lat' dir='ltr'><strong>libenter</strong></span> <span class='ocrx_word' id='word_1_338' title='bbox 756 3441 875 3499; x_wconf 85' lang='lat' dir='ltr'><strong>accedo.</strong></span> <span class='ocrx_word' id='word_1_339' title='bbox 960 3441 1018 3498; x_wconf 88' lang='lat'><strong>119</strong></span> <span class='ocrx_word' id='word_1_340' title='bbox 1041 3442 1159 3518; x_wconf 76' lang='lat' dir='ltr'><strong>quaerit</strong></span> <span class='ocrx_word' id='word_1_341' title='bbox 1180 3461 1240 3499; x_wconf 92' lang='lat' dir='ltr'><strong>non</strong></span> <span class='ocrx_word' id='word_1_342' title='bbox 1261 3461 1363 3500; x_wconf 87' lang='lat' dir='ltr'><strong>seeum</strong></span> <span class='ocrx_word' id='word_1_343' title='bbox 1384 3439 1543 3522; x_wconf 77' lang='lat' dir='ltr'><strong>[Caussin],</strong></span> <span class='ocrx_word' id='word_1_344' title='bbox 1566 3441 1621 3500; x_wconf 88' lang='lat' dir='ltr'><strong>sed</strong></span> <span class='ocrx_word' id='word_1_345' title='bbox 1642 3461 1677 3499; x_wconf 82' lang='lat' dir='ltr'><strong>ex</strong></span> <span class='ocrx_word' id='word_1_346' title='bbox 1698 3461 1800 3500; x_wconf 89' lang='lat' dir='ltr'><strong>sorore</strong></span> <span class='ocrx_word' id='word_1_347' title='bbox 1820 3440 1969 3523; x_wconf 67' lang='lat' dir='ltr'><strong>{Wagner</strong></span> <span class='ocrx_word' id='word_1_348' title='bbox 1986 3449 2018 3499; x_wconf 90' lang='lat' dir='ltr'><strong>et</strong></span> <span class='ocrx_word' id='word_1_349' title='bbox 2031 3440 2134 3521; x_wconf 74' lang='lat' dir='ltr'><strong>seqql.</strong></span> 
     </span>
    </p>

    <p class='ocr_par' dir='ltr' id='par_1_8' title="bbox 522 3545 2135 5455">
     <span class='ocr_line' id='line_1_28' title="bbox 610 3545 2134 3629; baseline 0 -25"><span class='ocrx_word' id='word_1_350' title='bbox 610 3548 665 3605; x_wconf 89' lang='grc'><strong>161</strong></span> <span class='ocrx_word' id='word_1_351' title='bbox 690 3547 827 3622; x_wconf 84' lang='lat' dir='ltr'><strong>decepto:</strong></span> <span class='ocrx_word' id='word_1_352' title='bbox 851 3547 889 3604; x_wconf 89' lang='lat' dir='ltr'><strong>de</strong></span> <span class='ocrx_word' id='word_1_353' title='bbox 909 3546 1026 3605; x_wconf 87' lang='lat' dir='ltr'><strong>Iasonis</strong></span> <span class='ocrx_word' id='word_1_354' title='bbox 1049 3567 1148 3605; x_wconf 89' lang='lat' dir='ltr'><strong>amore</strong></span> <span class='ocrx_word' id='word_1_355' title='bbox 1170 3547 1353 3625; x_wconf 88' lang='lat' dir='ltr'><strong>desperabat</strong></span> <span class='ocrx_word' id='word_1_356' title='bbox 1373 3546 1575 3629; x_wconf 82' lang='lat' dir='ltr'><strong>[Burmannus</strong></span> <span class='ocrx_word' id='word_1_357' title='bbox 1596 3553 1628 3606; x_wconf 90' lang='lat' dir='ltr'><strong>et</strong></span> <span class='ocrx_word' id='word_1_358' title='bbox 1648 3545 1805 3628; x_wconf 76' lang='lat' dir='ltr'><strong>Wagnerl.</strong></span> <span class='ocrx_word' id='word_1_359' title='bbox 1822 3547 1902 3605; x_wconf 90' lang='lat' dir='ltr'><strong>Male</strong></span> <span class='ocrx_word' id='word_1_360' title='bbox 1922 3547 1996 3605; x_wconf 90' lang='lat' dir='ltr'><strong>Pius</strong></span> <span class='ocrx_word' id='word_1_361' title='bbox 2016 3556 2049 3604; x_wconf 92' lang='lat' dir='ltr'><strong>et</strong></span> <span class='ocrx_word' id='word_1_362' title='bbox 2069 3547 2134 3604; x_wconf 89' lang='lat' dir='ltr'><strong>Ma·</strong></span> 
     </span>
     <span class='ocr_line' id='line_1_29' title="bbox 524 3653 2133 3732; baseline -0.002 -20"><span class='ocrx_word' id='word_1_363' title='bbox 524 3659 642 3712; x_wconf 76' lang='lat' dir='ltr'><strong>serius:</strong></span> <span class='ocrx_word' id='word_1_364' title='bbox 676 3653 848 3712; x_wconf 80' lang='lat' dir='ltr'><strong>crediderat</strong></span> <span class='ocrx_word' id='word_1_365' title='bbox 880 3653 1024 3712; x_wconf 91' lang='lat' dir='ltr'><strong>Iunonem</strong></span> <span class='ocrx_word' id='word_1_366' title='bbox 1055 3653 1149 3712; x_wconf 88' lang='lat' dir='ltr'><strong>fuisse</strong></span> <span class='ocrx_word' id='word_1_367' title='bbox 1181 3654 1373 3732; x_wconf 87' lang='lat' dir='ltr'><strong>Chalciopen.</strong></span> <span class='ocrx_word' id='word_1_368' title='bbox 1467 3657 1525 3713; x_wconf 84' lang='grc'><strong>180</strong></span> <span class='ocrx_word' id='word_1_369' title='bbox 1556 3656 1681 3728; x_wconf 68' lang='lat' dir='ltr'><strong>faudem</strong></span> <span class='ocrx_word' id='word_1_370' title='bbox 1710 3655 1815 3714; x_wconf 83' lang='lat' dir='ltr'><strong>taedas</strong></span> <span class='ocrx_word' id='word_1_371' title='bbox 1842 3655 1926 3712; x_wconf 90' lang='lat' dir='ltr'><strong>varie</strong></span> <span class='ocrx_word' id='word_1_372' title='bbox 1957 3653 2133 3730; x_wconf 87' lang='lat' dir='ltr'><strong>explicatur.</strong></span> 
     </span>
     <span class='ocr_line' id='line_1_30' title="bbox 522 3761 2132 3841; baseline -0.002 -18"><span class='ocrx_word' id='word_1_373' title='bbox 522 3765 612 3823; x_wconf 89' lang='lat' dir='ltr'><strong>Pius:</strong></span> <span class='ocrx_word' id='word_1_374' title='bbox 642 3763 788 3822; x_wconf 77' lang='lat' dir='ltr'><strong>ventilare</strong></span> <span class='ocrx_word' id='word_1_375' title='bbox 820 3762 941 3834; x_wconf 86' lang='lat' dir='ltr'><strong>taedas;</strong></span> <span class='ocrx_word' id='word_1_376' title='bbox 974 3763 1139 3820; x_wconf 81' lang='lat' dir='ltr'><strong>Maserius:</strong></span> <span class='ocrx_word' id='word_1_377' title='bbox 1171 3761 1291 3821; x_wconf 85' lang='lat' dir='ltr'><strong>abunde</strong></span> <span class='ocrx_word' id='word_1_378' title='bbox 1319 3762 1431 3821; x_wconf 84' lang='lat' dir='ltr'><strong>offerre</strong></span> <span class='ocrx_word' id='word_1_379' title='bbox 1452 3769 1484 3821; x_wconf 89' lang='lat' dir='ltr'><strong>et</strong></span> <span class='ocrx_word' id='word_1_380' title='bbox 1504 3762 1651 3841; x_wconf 91' lang='lat' dir='ltr'><strong>praebere</strong></span> <span class='ocrx_word' id='word_1_381' title='bbox 1679 3769 1731 3820; x_wconf 92' lang='lat' dir='ltr'><strong>aut</strong></span> <span class='ocrx_word' id='word_1_382' title='bbox 1758 3762 1957 3837; x_wconf 79' lang='lat' dir='ltr'><strong>liqrresacere3</strong></span> <span class='ocrx_word' id='word_1_383' title='bbox 1985 3761 2132 3838; x_wconf 81' lang='lat' dir='ltr'><strong>Wagner,</strong></span> 
     </span>
     <span class='ocr_line' id='line_1_31' title="bbox 524 3869 2133 3949; baseline -0.002 -19"><span class='ocrx_word' id='word_1_384' title='bbox 524 3873 661 3944; x_wconf 69' lang='lat' dir='ltr'><strong>Caussin,</strong></span> <span class='ocrx_word' id='word_1_385' title='bbox 685 3871 828 3949; x_wconf 88' lang='lat' dir='ltr'><strong>Huguet:</strong></span> <span class='ocrx_word' id='word_1_386' title='bbox 852 3869 996 3928; x_wconf 86' lang='lat' dir='ltr'><strong>adbibere</strong></span> <span class='ocrx_word' id='word_1_387' title='bbox 1016 3870 1111 3928; x_wconf 89' lang='lat' dir='ltr'><strong>multa</strong></span> <span class='ocrx_word' id='word_1_388' title='bbox 1131 3869 1289 3929; x_wconf 89' lang='lat' dir='ltr'><strong>taedarum</strong></span> <span class='ocrx_word' id='word_1_389' title='bbox 1311 3871 1442 3942; x_wconf 87' lang='lat' dir='ltr'><strong>lumina;</strong></span> <span class='ocrx_word' id='word_1_390' title='bbox 1463 3871 1665 3941; x_wconf 86' lang='lat' dir='ltr'><strong>Burmannus,</strong></span> <span class='ocrx_word' id='word_1_391' title='bbox 1686 3869 1789 3945; x_wconf 81' lang='lat' dir='ltr'><strong>Buzio,</strong></span> <span class='ocrx_word' id='word_1_392' title='bbox 1807 3870 1983 3943; x_wconf 86' lang='lat' dir='ltr'><strong>Delamalle,</strong></span> <span class='ocrx_word' id='word_1_393' title='bbox 1997 3870 2133 3944; x_wconf 87' lang='lat' dir='ltr'><strong>Langen:</strong></span> 
     </span>
     <span class='ocr_line' id='line_1_32' title="bbox 526 3977 2134 4055; baseline 0 -19"><span class='ocrx_word' id='word_1_394' title='bbox 526 3979 654 4037; x_wconf 80' lang='lat' dir='ltr'><strong>fundere</strong></span> <span class='ocrx_word' id='word_1_395' title='bbox 676 3979 788 4037; x_wconf 89' lang='lat' dir='ltr'><strong>lumina</strong></span> <span class='ocrx_word' id='word_1_396' title='bbox 809 3977 974 4036; x_wconf 88' lang='lat' dir='ltr'><strong>taedarum.</strong></span> <span class='ocrx_word' id='word_1_397' title='bbox 996 3977 1185 4036; x_wconf 87' lang='lat' dir='ltr'><strong>Postremum</strong></span> <span class='ocrx_word' id='word_1_398' title='bbox 1206 3978 1293 4036; x_wconf 88' lang='lat' dir='ltr'><strong>malo.</strong></span> <span class='ocrx_word' id='word_1_399' title='bbox 1376 3978 1436 4036; x_wconf 78' lang='lat'><strong>209</strong></span> <span class='ocrx_word' id='word_1_400' title='bbox 1457 3996 1568 4037; x_wconf 67' lang='lat' dir='ltr'><strong>curua·</strong></span> <span class='ocrx_word' id='word_1_401' title='bbox 1589 3997 1706 4036; x_wconf 91' lang='lat' dir='ltr'><strong>amores</strong></span> <span class='ocrx_word' id='word_1_402' title='bbox 1725 3997 1841 4055; x_wconf 91' lang='lat' dir='ltr'><strong>nempe.</strong></span> <span class='ocrx_word' id='word_1_403' title='bbox 1864 3977 2056 4054; x_wconf 91' lang='lat' dir='ltr'><strong>Ineptissime</strong></span> <span class='ocrx_word' id='word_1_404' title='bbox 2071 3978 2134 4036; x_wconf 92' lang='lat' dir='ltr'><strong>Bu·</strong></span> 
     </span>
     <span class='ocr_line' id='line_1_33' title="bbox 524 4083 2133 4166; baseline -0.002 -19"><span class='ocrx_word' id='word_1_405' title='bbox 524 4091 608 4147; x_wconf 88' lang='lat' dir='ltr'><strong>laeus</strong></span> <span class='ocrx_word' id='word_1_406' title='bbox 629 4105 698 4145; x_wconf 89' lang='lat' dir='ltr'><strong>ossa</strong></span> <span class='ocrx_word' id='word_1_407' title='bbox 719 4086 872 4145; x_wconf 87' lang='lat' dir='ltr'><strong>intellexit.</strong></span> <span class='ocrx_word' id='word_1_408' title='bbox 935 4086 1173 4158; x_wconf 61' lang='grc'><strong>,1141119111</strong></span> <span class='ocrx_word' id='word_1_409' title='bbox 1194 4085 1335 4146; x_wconf 88' lang='lat' dir='ltr'><strong>hocloco</strong></span> <span class='ocrx_word' id='word_1_410' title='bbox 1356 4105 1414 4144; x_wconf 91' lang='lat' dir='ltr'><strong>non</strong></span> <span class='ocrx_word' id='word_1_411' title='bbox 1435 4092 1482 4146; x_wconf 88' lang='lat' dir='ltr'><strong>est</strong></span> <span class='ocrx_word' id='word_1_412' title='bbox 1502 4086 1662 4163; x_wconf 88' lang='lat' dir='ltr'><strong>genetivus</strong></span> <span class='ocrx_word' id='word_1_413' title='bbox 1682 4083 1766 4166; x_wconf 80' lang='lat' dir='ltr'><strong>[Pius</strong></span> <span class='ocrx_word' id='word_1_414' title='bbox 1787 4092 1818 4144; x_wconf 88' lang='lat' dir='ltr'><strong>et</strong></span> <span class='ocrx_word' id='word_1_415' title='bbox 1838 4083 2055 4166; x_wconf 89' lang='lat' dir='ltr'><strong>Pindemonte],</strong></span> <span class='ocrx_word' id='word_1_416' title='bbox 2078 4084 2133 4144; x_wconf 88' lang='lat' dir='ltr'><strong>sed</strong></span> 
     </span>
     <span class='ocr_line' id='line_1_34' title="bbox 524 4191 2133 4275; baseline -0.002 -21"><span class='ocrx_word' id='word_1_417' title='bbox 524 4196 647 4254; x_wconf 88' lang='lat' dir='ltr'><strong>dativus</strong></span> <span class='ocrx_word' id='word_1_418' title='bbox 669 4192 871 4275; x_wconf 83' lang='lat' dir='ltr'><strong>[Burmannus</strong></span> <span class='ocrx_word' id='word_1_419' title='bbox 892 4201 921 4250; x_wconf 90' lang='lat' dir='ltr'><strong>et</strong></span> <span class='ocrx_word' id='word_1_420' title='bbox 943 4191 1047 4274; x_wconf 88' lang='lat' dir='ltr'><strong>seqq.].</strong></span> <span class='ocrx_word' id='word_1_421' title='bbox 1130 4194 1191 4252; x_wconf 76' lang='lat'><strong>238</strong></span> <span class='ocrx_word' id='word_1_422' title='bbox 1211 4214 1335 4269; x_wconf 74' lang='grc'><strong>1111911119</strong></span> <span class='ocrx_word' id='word_1_423' title='bbox 1356 4195 1535 4255; x_wconf 79' lang='lat' dir='ltr'><strong>Perseidos:</strong></span> <span class='ocrx_word' id='word_1_424' title='bbox 1557 4195 1594 4253; x_wconf 89' lang='lat' dir='ltr'><strong>de</strong></span> <span class='ocrx_word' id='word_1_425' title='bbox 1615 4195 1672 4254; x_wconf 88' lang='lat' dir='ltr'><strong>hac</strong></span> <span class='ocrx_word' id='word_1_426' title='bbox 1692 4193 1806 4253; x_wconf 89' lang='lat' dir='ltr'><strong>femina</strong></span> <span class='ocrx_word' id='word_1_427' title='bbox 1825 4195 1905 4252; x_wconf 90' lang='lat' dir='ltr'><strong>inter</strong></span> <span class='ocrx_word' id='word_1_428' title='bbox 1927 4197 2008 4252; x_wconf 90' lang='lat' dir='ltr'><strong>viros</strong></span> <span class='ocrx_word' id='word_1_429' title='bbox 2028 4194 2133 4252; x_wconf 90' lang='lat' dir='ltr'><strong>doctos</strong></span> 
     </span>
     <span class='ocr_line' id='line_1_35' title="bbox 523 4300 2135 4379; baseline -0.001 -18"><span class='ocrx_word' id='word_1_430' title='bbox 523 4323 582 4362; x_wconf 92' lang='lat' dir='ltr'><strong>non</strong></span> <span class='ocrx_word' id='word_1_431' title='bbox 606 4303 754 4361; x_wconf 91' lang='lat' dir='ltr'><strong>convenit.</strong></span> <span class='ocrx_word' id='word_1_432' title='bbox 776 4301 849 4358; x_wconf 89' lang='lat' dir='ltr'><strong>Pius</strong></span> <span class='ocrx_word' id='word_1_433' title='bbox 871 4308 996 4359; x_wconf 89' lang='lat' dir='ltr'><strong>matrem</strong></span> <span class='ocrx_word' id='word_1_434' title='bbox 1018 4300 1186 4376; x_wconf 77' lang='lat' dir='ltr'><strong>intellegit:</strong></span> <span class='ocrx_word' id='word_1_435' title='bbox 1209 4301 1359 4360; x_wconf 90' lang='lat' dir='ltr'><strong>Maserius</strong></span> <span class='ocrx_word' id='word_1_436' title='bbox 1380 4307 1412 4360; x_wconf 92' lang='lat' dir='ltr'><strong>et</strong></span> <span class='ocrx_word' id='word_1_437' title='bbox 1431 4302 1630 4361; x_wconf 90' lang='lat' dir='ltr'><strong>Pindemonte</strong></span> <span class='ocrx_word' id='word_1_438' title='bbox 1651 4303 1769 4375; x_wconf 89' lang='lat' dir='ltr'><strong>aviam;</strong></span> <span class='ocrx_word' id='word_1_439' title='bbox 1791 4301 1930 4379; x_wconf 89' lang='lat' dir='ltr'><strong>Wagner</strong></span> <span class='ocrx_word' id='word_1_440' title='bbox 1950 4307 1981 4359; x_wconf 89' lang='lat' dir='ltr'><strong>et</strong></span> <span class='ocrx_word' id='word_1_441' title='bbox 2009 4300 2135 4378; x_wconf 88' lang='lat' dir='ltr'><strong>Hnguet</strong></span> 
     </span>
     <span class='ocr_line' id='line_1_36' title="bbox 524 4408 2133 4486; baseline -0.001 -17"><span class='ocrx_word' id='word_1_442' title='bbox 524 4411 642 4482; x_wconf 79' lang='lat' dir='ltr'><strong>Circen;</strong></span> <span class='ocrx_word' id='word_1_443' title='bbox 659 4410 736 4467; x_wconf 91' lang='lat' dir='ltr'><strong>malo</strong></span> <span class='ocrx_word' id='word_1_444' title='bbox 747 4409 867 4483; x_wconf 88' lang='lat' dir='ltr'><strong>quidem</strong></span> <span class='ocrx_word' id='word_1_445' title='bbox 879 4428 947 4467; x_wconf 88' lang='lat' dir='ltr'><strong>curn</strong></span> <span class='ocrx_word' id='word_1_446' title='bbox 961 4408 1107 4467; x_wconf 86' lang='lat' dir='ltr'><strong>Caussino</strong></span> <span class='ocrx_word' id='word_1_447' title='bbox 1123 4414 1153 4466; x_wconf 93' lang='lat' dir='ltr'><strong>et</strong></span> <span class='ocrx_word' id='word_1_448' title='bbox 1167 4408 1311 4484; x_wconf 88' lang='lat' dir='ltr'><strong>Langeno</strong></span> <span class='ocrx_word' id='word_1_449' title='bbox 1326 4409 1364 4467; x_wconf 98' lang='grc'><strong>(19</strong></span> <span class='ocrx_word' id='word_1_450' title='bbox 1378 4409 1495 4468; x_wconf 83' lang='grc' dir='ltr'><strong>Η99919</strong></span> <span class='ocrx_word' id='word_1_451' title='bbox 1510 4412 1653 4486; x_wconf 83' lang='lat' dir='ltr'><strong>cogitare.</strong></span> <span class='ocrx_word' id='word_1_452' title='bbox 1736 4411 1796 4469; x_wconf 86' lang='grc'><strong>260</strong></span> <span class='ocrx_word' id='word_1_453' title='bbox 1809 4411 1970 4484; x_wconf 74' lang='lat' dir='ltr'><strong>sapientem</strong></span> <span class='ocrx_word' id='word_1_454' title='bbox 1985 4410 2133 4468; x_wconf 85' lang='lat' dir='ltr'><strong>immerito</strong></span> 
     </span>
     <span class='ocr_line' id='line_1_37' title="bbox 523 4513 2131 4594; baseline 0.001 -22"><span class='ocrx_word' id='word_1_455' title='bbox 523 4515 625 4572; x_wconf 87' lang='lat' dir='ltr'><strong>multis</strong></span> <span class='ocrx_word' id='word_1_456' title='bbox 647 4519 828 4592; x_wconf 85' lang='lat' dir='ltr'><strong>suspectum.</strong></span> <span class='ocrx_word' id='word_1_457' title='bbox 849 4513 969 4572; x_wconf 88' lang='lat' dir='ltr'><strong>Nautae</strong></span> <span class='ocrx_word' id='word_1_458' title='bbox 990 4514 1121 4572; x_wconf 90' lang='lat' dir='ltr'><strong>nondum</strong></span> <span class='ocrx_word' id='word_1_459' title='bbox 1142 4533 1226 4573; x_wconf 92' lang='lat' dir='ltr'><strong>oram</strong></span> <span class='ocrx_word' id='word_1_460' title='bbox 1247 4517 1408 4591; x_wconf 89' lang='lat' dir='ltr'><strong>solverant,</strong></span> <span class='ocrx_word' id='word_1_461' title='bbox 1423 4516 1477 4574; x_wconf 92' lang='lat' dir='ltr'><strong>sed</strong></span> <span class='ocrx_word' id='word_1_462' title='bbox 1499 4518 1559 4574; x_wconf 91' lang='lat' dir='ltr'><strong>iam</strong></span> <span class='ocrx_word' id='word_1_463' title='bbox 1572 4515 1677 4592; x_wconf 85' lang='lat' dir='ltr'><strong>fugam</strong></span> <span class='ocrx_word' id='word_1_464' title='bbox 1691 4515 1850 4594; x_wconf 88' lang='lat' dir='ltr'><strong>parabant.</strong></span> <span class='ocrx_word' id='word_1_465' title='bbox 1932 4515 1992 4574; x_wconf 80' lang='lat'><strong>285</strong></span> <span class='ocrx_word' id='word_1_466' title='bbox 2007 4517 2131 4589; x_wconf 68' lang='lat' dir='ltr'><strong>vulgato</strong></span> 
     </span>
     <span class='ocr_line' id='line_1_38' title="bbox 522 4623 2131 4702; baseline 0.002 -21"><span class='ocrx_word' id='word_1_467' title='bbox 522 4623 658 4701; x_wconf 87' lang='lat' dir='ltr'><strong>plerique</strong></span> <span class='ocrx_word' id='word_1_468' title='bbox 679 4641 773 4699; x_wconf 79' lang='lat' dir='ltr'><strong>prave</strong></span> <span class='ocrx_word' id='word_1_469' title='bbox 794 4623 998 4680; x_wconf 85' lang='lat' dir='ltr'><strong>immutarunt.</strong></span> <span class='ocrx_word' id='word_1_470' title='bbox 1021 4623 1142 4700; x_wconf 89' lang='lat' dir='ltr'><strong>Optime</strong></span> <span class='ocrx_word' id='word_1_471' title='bbox 1163 4625 1242 4681; x_wconf 92' lang='lat' dir='ltr'><strong>enim</strong></span> <span class='ocrx_word' id='word_1_472' title='bbox 1263 4623 1389 4702; x_wconf 84' lang='lat' dir='ltr'><strong>Langen</strong></span> <span class='ocrx_word' id='word_1_473' title='bbox 1410 4626 1592 4702; x_wconf 85' lang='lat' dir='ltr'><strong>explicavit:</strong></span> <span class='ocrx_word' id='word_1_474' title='bbox 1623 4626 1732 4702; x_wconf 85' lang='lat' dir='ltr'><strong>vulgo,</strong></span> <span class='ocrx_word' id='word_1_475' title='bbox 1763 4627 1794 4683; x_wconf 93' lang='lat' dir='ltr'><strong>in</strong></span> <span class='ocrx_word' id='word_1_476' title='bbox 1821 4623 1941 4702; x_wconf 90' lang='lat' dir='ltr'><strong>publico</strong></span> <span class='ocrx_word' id='word_1_477' title='bbox 1967 4624 2131 4700; x_wconf 80' lang='lat' dir='ltr'><strong>proposita:</strong></span> 
     </span>
     <span class='ocr_line' id='line_1_39' title="bbox 524 4731 2133 4810; baseline -0.001 -20"><span class='ocrx_word' id='word_1_478' title='bbox 524 4733 622 4790; x_wconf 90' lang='lat' dir='ltr'><strong>minus</strong></span> <span class='ocrx_word' id='word_1_479' title='bbox 643 4739 725 4791; x_wconf 86' lang='lat' dir='ltr'><strong>reete</strong></span> <span class='ocrx_word' id='word_1_480' title='bbox 746 4731 914 4809; x_wconf 88' lang='lat' dir='ltr'><strong>Meyncke:</strong></span> <span class='ocrx_word' id='word_1_481' title='bbox 937 4751 1092 4810; x_wconf 84' lang='lat' dir='ltr'><strong>suspensa,</strong></span> <span class='ocrx_word' id='word_1_482' title='bbox 1114 4734 1285 4810; x_wconf 85' lang='lat' dir='ltr'><strong>prostituta.</strong></span> <span class='ocrx_word' id='word_1_483' title='bbox 1368 4734 1428 4792; x_wconf 77' lang='lat'><strong>302</strong></span> <span class='ocrx_word' id='word_1_484' title='bbox 1449 4735 1532 4793; x_wconf 90' lang='lat' dir='ltr'><strong>locus</strong></span> <span class='ocrx_word' id='word_1_485' title='bbox 1553 4734 1794 4809; x_wconf 85' lang='lat' dir='ltr'><strong>obscurissimus,</strong></span> <span class='ocrx_word' id='word_1_486' title='bbox 1817 4733 1873 4792; x_wconf 90' lang='lat' dir='ltr'><strong>sed</strong></span> <span class='ocrx_word' id='word_1_487' title='bbox 1893 4734 2028 4793; x_wconf 87' lang='lat' dir='ltr'><strong>codicum</strong></span> <span class='ocrx_word' id='word_1_488' title='bbox 2043 4733 2133 4791; x_wconf 90' lang='lat' dir='ltr'><strong>lectio</strong></span> 
     </span>
     <span class='ocr_line' id='line_1_40' title="bbox 523 4837 2133 4917; baseline -0.001 -22"><span class='ocrx_word' id='word_1_489' title='bbox 523 4858 581 4896; x_wconf 91' lang='lat' dir='ltr'><strong>non</strong></span> <span class='ocrx_word' id='word_1_490' title='bbox 603 4844 649 4897; x_wconf 90' lang='lat' dir='ltr'><strong>est</strong></span> <span class='ocrx_word' id='word_1_491' title='bbox 671 4837 824 4896; x_wconf 75' lang='lat' dir='ltr'><strong>vexanda:</strong></span> <span class='ocrx_word' id='word_1_492' title='bbox 847 4838 1044 4916; x_wconf 84' lang='lat' dir='ltr'><strong>explicatione</strong></span> <span class='ocrx_word' id='word_1_493' title='bbox 1066 4840 1154 4908; x_wconf 89' lang='lat' dir='ltr'><strong>enim,</strong></span> <span class='ocrx_word' id='word_1_494' title='bbox 1176 4859 1235 4897; x_wconf 94' lang='lat' dir='ltr'><strong>non</strong></span> <span class='ocrx_word' id='word_1_495' title='bbox 1256 4840 1428 4898; x_wconf 86' lang='lat' dir='ltr'><strong>coniectura</strong></span> <span class='ocrx_word' id='word_1_496' title='bbox 1448 4859 1523 4917; x_wconf 92' lang='lat' dir='ltr'><strong>opus</strong></span> <span class='ocrx_word' id='word_1_497' title='bbox 1543 4848 1599 4899; x_wconf 87' lang='lat' dir='ltr'><strong>est.</strong></span> <span class='ocrx_word' id='word_1_498' title='bbox 1626 4841 1765 4900; x_wconf 88' lang='lat' dir='ltr'><strong>Koestlin</strong></span> <span class='ocrx_word' id='word_1_499' title='bbox 1794 4859 1906 4898; x_wconf 88' lang='lat' dir='ltr'><strong>cornua</strong></span> <span class='ocrx_word' id='word_1_500' title='bbox 1933 4839 2059 4898; x_wconf 90' lang='lat' dir='ltr'><strong>Penthei</strong></span> <span class='ocrx_word' id='word_1_501' title='bbox 2088 4838 2133 4894; x_wconf 90' lang='lat' dir='ltr'><strong>in-</strong></span> 
     </span>
     <span class='ocr_line' id='line_1_41' title="bbox 524 4946 2131 5026; baseline 0.001 -24"><span class='ocrx_word' id='word_1_502' title='bbox 524 4947 651 5023; x_wconf 80' lang='lat' dir='ltr'><strong>tellegit,</strong></span> <span class='ocrx_word' id='word_1_503' title='bbox 667 4947 722 5004; x_wconf 89' lang='lat' dir='ltr'><strong>sed</strong></span> <span class='ocrx_word' id='word_1_504' title='bbox 735 4966 892 5024; x_wconf 87' lang='lat' dir='ltr'><strong>perperam</strong></span> <span class='ocrx_word' id='word_1_505' title='bbox 907 4967 913 5003; x_wconf 74' lang='grc' dir='ltr'><strong>ι</strong></span> <span class='ocrx_word' id='word_1_506' title='bbox 928 4946 1061 5005; x_wconf 88' lang='lat' dir='ltr'><strong>hocloco</strong></span> <span class='ocrx_word' id='word_1_507' title='bbox 1076 4948 1153 5005; x_wconf 89' lang='lat' dir='ltr'><strong>eninr</strong></span> <span class='ocrx_word' id='word_1_508' title='bbox 1169 4947 1206 5005; x_wconf 91' lang='lat' dir='ltr'><strong>de</strong></span> <span class='ocrx_word' id='word_1_509' title='bbox 1222 4947 1363 5006; x_wconf 87' lang='lat' dir='ltr'><strong>cornibus</strong></span> <span class='ocrx_word' id='word_1_510' title='bbox 1379 4949 1472 5026; x_wconf 89' lang='lat' dir='ltr'><strong>ipsius</strong></span> <span class='ocrx_word' id='word_1_511' title='bbox 1486 4948 1600 5007; x_wconf 84' lang='lat' dir='ltr'><strong>Bacchi</strong></span> <span class='ocrx_word' id='word_1_512' title='bbox 1616 4949 1725 5024; x_wconf 85' lang='lat' dir='ltr'><strong>agitur.</strong></span> <span class='ocrx_word' id='word_1_513' title='bbox 1739 4948 1861 5020; x_wconf 73' lang='lat' dir='ltr'><strong>infectis</strong></span> <span class='ocrx_word' id='word_1_514' title='bbox 1873 4966 1882 5005; x_wconf 91' lang='lat'><strong>.·</strong></span> <span class='ocrx_word' id='word_1_515' title='bbox 1896 4949 2001 5006; x_wconf 88' lang='lat' dir='ltr'><strong>tinctis</strong></span> <span class='ocrx_word' id='word_1_516' title='bbox 2014 4966 2131 5025; x_wconf 76' lang='lat' dir='ltr'><strong>nempe,</strong></span> 
     </span>
     <span class='ocr_line' id='line_1_42' title="bbox 523 5055 2131 5134; baseline 0.001 -22"><span class='ocrx_word' id='word_1_517' title='bbox 523 5061 559 5113; x_wconf 93' lang='grc'><strong>111</strong></span> <span class='ocrx_word' id='word_1_518' title='bbox 580 5055 707 5114; x_wconf 78' lang='lat' dir='ltr'><strong>Genesin</strong></span> <span class='ocrx_word' id='word_1_519' title='bbox 728 5056 843 5113; x_wconf 87' lang='lat' dir='ltr'><strong>statuit.</strong></span> <span class='ocrx_word' id='word_1_520' title='bbox 868 5055 1000 5114; x_wconf 89' lang='lat' dir='ltr'><strong>Ornatus</strong></span> <span class='ocrx_word' id='word_1_521' title='bbox 1014 5055 1127 5114; x_wconf 88' lang='lat' dir='ltr'><strong>Bacchi</strong></span> <span class='ocrx_word' id='word_1_522' title='bbox 1142 5057 1286 5134; x_wconf 88' lang='lat' dir='ltr'><strong>pingit-ur,</strong></span> <span class='ocrx_word' id='word_1_523' title='bbox 1301 5059 1351 5132; x_wconf 92' lang='lat' dir='ltr'><strong>qui</strong></span> <span class='ocrx_word' id='word_1_524' title='bbox 1366 5059 1494 5116; x_wconf 85' lang='lat' dir='ltr'><strong>vittatus</strong></span> <span class='ocrx_word' id='word_1_525' title='bbox 1509 5063 1574 5116; x_wconf 91' lang='lat' dir='ltr'><strong>erat</strong></span> <span class='ocrx_word' id='word_1_526' title='bbox 1589 5077 1671 5116; x_wconf 90' lang='lat' dir='ltr'><strong>more</strong></span> <span class='ocrx_word' id='word_1_527' title='bbox 1686 5056 1855 5116; x_wconf 87' lang='lat' dir='ltr'><strong>sacrificali.</strong></span> <span class='ocrx_word' id='word_1_528' title='bbox 1936 5057 1998 5114; x_wconf 89' lang='grc'><strong>304</strong></span> <span class='ocrx_word' id='word_1_529' title='bbox 2011 5057 2131 5116; x_wconf 80' lang='grc'><strong>1119119111</strong></span> 
     </span>
     <span class='ocr_line' id='line_1_43' title="bbox 524 5159 2133 5238; baseline -0.002 -18"><span class='ocrx_word' id='word_1_530' title='bbox 524 5163 634 5238; x_wconf 80' lang='lat' dir='ltr'><strong>accipit</strong></span> <span class='ocrx_word' id='word_1_531' title='bbox 655 5165 773 5222; x_wconf 81' lang='lat' dir='ltr'><strong>laetam</strong></span> <span class='ocrx_word' id='word_1_532' title='bbox 797 5169 878 5220; x_wconf 86' lang='lat' dir='ltr'><strong>recte</strong></span> <span class='ocrx_word' id='word_1_533' title='bbox 900 5161 1045 5220; x_wconf 85' lang='lat' dir='ltr'><strong>Caussiu:</strong></span> <span class='ocrx_word' id='word_1_534' title='bbox 1068 5163 1206 5238; x_wconf 85' lang='lat' dir='ltr'><strong>thyrsum</strong></span> <span class='ocrx_word' id='word_1_535' title='bbox 1220 5164 1321 5220; x_wconf 86' lang='lat' dir='ltr'><strong>sumit.</strong></span> <span class='ocrx_word' id='word_1_536' title='bbox 1336 5163 1529 5221; x_wconf 83' lang='lat' dir='ltr'><strong>Burmannus</strong></span> <span class='ocrx_word' id='word_1_537' title='bbox 1544 5171 1575 5220; x_wconf 91' lang='lat' dir='ltr'><strong>et</strong></span> <span class='ocrx_word' id='word_1_538' title='bbox 1589 5183 1669 5237; x_wconf 90' lang='lat' dir='ltr'><strong>seqq.</strong></span> <span class='ocrx_word' id='word_1_539' title='bbox 1682 5184 1688 5220; x_wconf 94' lang='lat'><strong>:</strong></span> <span class='ocrx_word' id='word_1_540' title='bbox 1704 5163 1791 5221; x_wconf 87' lang='lat' dir='ltr'><strong>busta</strong></span> <span class='ocrx_word' id='word_1_541' title='bbox 1806 5164 1989 5222; x_wconf 80' lang='lat' dir='ltr'><strong>vulneratur.</strong></span> <span class='ocrx_word' id='word_1_542' title='bbox 2072 5159 2133 5218; x_wconf 74' lang='lat'><strong>315</strong></span> 
     </span>
     <span class='ocr_line' id='line_1_44' title="bbox 524 5268 2132 5348; baseline -0.002 -19"><span class='ocrx_word' id='word_1_543' title='bbox 524 5270 704 5330; x_wconf 73' lang='lat' dir='ltr'><strong>auarissimo</strong></span> <span class='ocrx_word' id='word_1_544' title='bbox 717 5288 726 5328; x_wconf 89' lang='grc'><strong>.·</strong></span> <span class='ocrx_word' id='word_1_545' title='bbox 747 5270 883 5343; x_wconf 84' lang='lat' dir='ltr'><strong>Caussin,</strong></span> <span class='ocrx_word' id='word_1_546' title='bbox 906 5269 1051 5344; x_wconf 87' lang='lat' dir='ltr'><strong>Lemaire,</strong></span> <span class='ocrx_word' id='word_1_547' title='bbox 1074 5269 1200 5344; x_wconf 85' lang='lat' dir='ltr'><strong>Hnguet</strong></span> <span class='ocrx_word' id='word_1_548' title='bbox 1222 5270 1261 5328; x_wconf 87' lang='grc'><strong>(111</strong></span> <span class='ocrx_word' id='word_1_549' title='bbox 1281 5269 1464 5328; x_wconf 86' lang='lat' dir='ltr'><strong>subaudiunt</strong></span> <span class='ocrx_word' id='word_1_550' title='bbox 1486 5271 1529 5328; x_wconf 90' lang='lat' dir='ltr'><strong>ita</strong></span> <span class='ocrx_word' id='word_1_551' title='bbox 1550 5270 1752 5348; x_wconf 86' lang='lat' dir='ltr'><strong>explicantes:</strong></span> <span class='ocrx_word' id='word_1_552' title='bbox 1774 5271 1878 5328; x_wconf 91' lang='lat' dir='ltr'><strong>Pelian</strong></span> <span class='ocrx_word' id='word_1_553' title='bbox 1900 5268 1939 5326; x_wconf 93' lang='lat' dir='ltr'><strong>ad</strong></span> <span class='ocrx_word' id='word_1_554' title='bbox 1954 5268 2132 5325; x_wconf 86' lang='lat' dir='ltr'><strong>saevissima</strong></span> 
     </span>
     <span class='ocr_line' id='line_1_45' title="bbox 525 5376 2131 5455; baseline -0.001 -21"><span class='ocrx_word' id='word_1_555' title='bbox 525 5379 674 5455; x_wconf 76' lang='lat' dir='ltr'><strong>supplicia</strong></span> <span class='ocrx_word' id='word_1_556' title='bbox 695 5379 799 5454; x_wconf 90' lang='lat' dir='ltr'><strong>poscit.</strong></span> <span class='ocrx_word' id='word_1_557' title='bbox 823 5376 884 5434; x_wconf 88' lang='lat' dir='ltr'><strong>Sed</strong></span> <span class='ocrx_word' id='word_1_558' title='bbox 905 5377 1010 5434; x_wconf 89' lang='lat' dir='ltr'><strong>melius</strong></span> <span class='ocrx_word' id='word_1_559' title='bbox 1024 5384 1071 5435; x_wconf 89' lang='lat' dir='ltr'><strong>est</strong></span> <span class='ocrx_word' id='word_1_560' title='bbox 1084 5377 1263 5436; x_wconf 79' lang='lat' dir='ltr'><strong>saevissimo</strong></span> <span class='ocrx_word' id='word_1_561' title='bbox 1278 5377 1318 5434; x_wconf 88' lang='grc'><strong>911</strong></span> <span class='ocrx_word' id='word_1_562' title='bbox 1333 5377 1472 5435; x_wconf 87' lang='lat' dir='ltr'><strong>Medeam</strong></span> <span class='ocrx_word' id='word_1_563' title='bbox 1488 5376 1612 5446; x_wconf 78' lang='lat' dir='ltr'><strong>referre,</strong></span> <span class='ocrx_word' id='word_1_564' title='bbox 1631 5385 1665 5434; x_wconf 90' lang='grc'><strong>111</strong></span> <span class='ocrx_word' id='word_1_565' title='bbox 1677 5377 1773 5434; x_wconf 86' lang='lat' dir='ltr'><strong>Buzio</strong></span> <span class='ocrx_word' id='word_1_566' title='bbox 1788 5383 1819 5434; x_wconf 88' lang='lat' dir='ltr'><strong>et</strong></span> <span class='ocrx_word' id='word_1_567' title='bbox 1833 5395 1914 5450; x_wconf 87' lang='lat' dir='ltr'><strong>seqq.</strong></span> <span class='ocrx_word' id='word_1_568' title='bbox 1930 5377 2131 5434; x_wconf 86' lang='lat' dir='ltr'><strong>coniecerrmt.</strong></span> 
     </span>
    </p>

    <p class='ocr_par' dir='ltr' id='par_1_9' title="bbox 526 5482 2133 5672">
     <span class='ocr_line' id='line_1_46' title="bbox 603 5482 2133 5564; baseline -0.002 -22"><span class='ocrx_word' id='word_1_569' title='bbox 603 5488 663 5544; x_wconf 79' lang='lat'><strong>335</strong></span> <span class='ocrx_word' id='word_1_570' title='bbox 685 5485 799 5560; x_wconf 72' lang='lat' dir='ltr'><strong>colligit</strong></span> <span class='ocrx_word' id='word_1_571' title='bbox 822 5486 886 5545; x_wconf 82' lang='lat' dir='ltr'><strong>iras</strong></span> <span class='ocrx_word' id='word_1_572' title='bbox 906 5485 1097 5543; x_wconf 87' lang='lat' dir='ltr'><strong>Burmannus</strong></span> <span class='ocrx_word' id='word_1_573' title='bbox 1119 5493 1150 5543; x_wconf 90' lang='lat' dir='ltr'><strong>et</strong></span> <span class='ocrx_word' id='word_1_574' title='bbox 1171 5505 1251 5560; x_wconf 81' lang='lat' dir='ltr'><strong>seqq.</strong></span> <span class='ocrx_word' id='word_1_575' title='bbox 1274 5487 1318 5544; x_wconf 85' lang='lat' dir='ltr'><strong>sic</strong></span> <span class='ocrx_word' id='word_1_576' title='bbox 1333 5487 1591 5564; x_wconf 83' lang='lat' dir='ltr'><strong>interpretantur:</strong></span> <span class='ocrx_word' id='word_1_577' title='bbox 1607 5505 1639 5544; x_wconf 89' lang='lat' dir='ltr'><strong>se</strong></span> <span class='ocrx_word' id='word_1_578' title='bbox 1654 5485 1692 5543; x_wconf 89' lang='grc'><strong>911</strong></span> <span class='ocrx_word' id='word_1_579' title='bbox 1709 5484 1895 5543; x_wconf 89' lang='lat' dir='ltr'><strong>moriendum</strong></span> <span class='ocrx_word' id='word_1_580' title='bbox 1909 5485 2029 5542; x_wconf 85' lang='lat' dir='ltr'><strong>excitat.</strong></span> <span class='ocrx_word' id='word_1_581' title='bbox 2045 5482 2133 5553; x_wconf 82' lang='lat' dir='ltr'><strong>Quod</strong></span> 
     </span>
     <span class='ocr_line' id='line_1_47' title="bbox 526 5591 2133 5672; baseline -0.004 -18"><span class='ocrx_word' id='word_1_582' title='bbox 526 5617 584 5654; x_wconf 89' lang='lat' dir='ltr'><strong>non</strong></span> <span class='ocrx_word' id='word_1_583' title='bbox 608 5594 715 5672; x_wconf 86' lang='lat' dir='ltr'><strong>placet.</strong></span> <span class='ocrx_word' id='word_1_584' title='bbox 737 5593 831 5651; x_wconf 88' lang='lat' dir='ltr'><strong>Recte</strong></span> <span class='ocrx_word' id='word_1_585' title='bbox 854 5594 931 5650; x_wconf 86' lang='lat' dir='ltr'><strong>eninr</strong></span> <span class='ocrx_word' id='word_1_586' title='bbox 945 5593 1134 5670; x_wconf 85' lang='lat' dir='ltr'><strong>Beruliclroy</strong></span> <span class='ocrx_word' id='word_1_587' title='bbox 1152 5593 1255 5669; x_wconf 80' lang='lat' dir='ltr'><strong>erilty</strong></span> <span class='ocrx_word' id='word_1_588' title='bbox 1270 5602 1301 5650; x_wconf 87' lang='lat' dir='ltr'><strong>et</strong></span> <span class='ocrx_word' id='word_1_589' title='bbox 1315 5594 1459 5665; x_wconf 86' lang='lat' dir='ltr'><strong>Langen:</strong></span> <span class='ocrx_word' id='word_1_590' title='bbox 1476 5593 1595 5650; x_wconf 83' lang='lat' dir='ltr'><strong>cohibet</strong></span> <span class='ocrx_word' id='word_1_591' title='bbox 1611 5594 1696 5651; x_wconf 89' lang='lat' dir='ltr'><strong>iram.</strong></span> <span class='ocrx_word' id='word_1_592' title='bbox 1779 5592 1838 5650; x_wconf 65' lang='lat'><strong>345&gt;</strong></span> <span class='ocrx_word' id='word_1_593' title='bbox 1854 5592 1951 5650; x_wconf 77' lang='lat' dir='ltr'><strong>rainer</strong></span> <span class='ocrx_word' id='word_1_594' title='bbox 1966 5591 2014 5649; x_wconf 90' lang='lat' dir='ltr'><strong>vel</strong></span> <span class='ocrx_word' id='word_1_595' title='bbox 2033 5597 2133 5648; x_wconf 87' lang='lat' dir='ltr'><strong>aetate</strong></span> 
     </span>
    </p>
   </div>
   <div class='ocr_carea' id='block_1_5' title="bbox 0 0 2438 6724">
    <p class='ocr_par' dir='ltr' id='par_1_10' title="bbox 0 0 2438 6724">
     <span class='ocr_line' id='line_1_48' title="bbox 0 0 2438 6724; baseline 0 0"><span class='ocrx_word' id='word_1_596' title='bbox 0 0 2438 6724; x_wconf 95' lang='lat' dir='ltr'><strong> </strong></span> 
     </span>
    </p>
   </div>
  </div>
 </body>
</html>
