4867 6734
830 603 1150 661 PROLEGOHENON
1175 603 1303 660 CAPV'I
1320 604 1376 660 III.
1771 603 1909 658 XXXIII

381 768 427 826 Ac
457 767 588 844 primum
618 763 739 842 quidem
772 781 824 822 eos
854 762 935 821 locos
967 761 1074 820 missos
1093 759 1259 837 faciamus,
1281 760 1334 819 ubi
1353 763 1428 821 15515
1448 763 1617 838 scripturae
1648 761 1852 837 discrepantia
1873 759 1909 817 li-

305 873 474 934 brariorum
495 872 705 949 neglegentiae
726 872 826 949 potius
847 866 1050 929 adscribenda
1070 869 1129 940 sit,
1151 869 1242 928 velut:
1264 868 1281 926 1
1303 869 1349 945 13,
1372 869 1441 944 233,
1462 869 1531 941 362,
1553 867 1622 944 370,
1643 867 1713 944 479,
1735 869 1814 941 554,
1837 865 1906 934 705,

301 982 335 1040 H
356 983 405 1050 64,
431 980 497 1056 181,
520 980 588 1056 213,
611 978 681 1052 274,
702 978 771 1053 323,
793 976 859 1049 517,
881 975 950 1048 518,
973 975 1041 1046 577,
1063 976 1132 1046 578,
1154 975 1224 1047 587,
1245 977 1314 1048 639,
1335 975 1386 1034 ΙΠ
1406 979 1435 1052 5,
1460 979 1506 1051 11,
1528 975 1577 1047 36,
1598 977 1647 1049 54,
1672 974 1821 1050 168,177,
1839 975 1907 1051 194,

300 1086 369 1158 569,
394 1087 463 1158 640,
485 1084 532 1144 IV
554 1084 602 1156 27,
626 1085 693 1153 104,
718 1085 784 1160 169,
806 1083 875 1154 242,
897 1083 965 1153 258,
988 1083 1057 1152 272,
1079 1083 1148 1153 300,
1169 1082 1239 1153 307,
1260 1084 1329 1154 365,
1351 1084 1421 1153 451,
1443 1083 1512 1157 524,
1534 1082 1602 1158 580,
1624 1082 1693 1158 583,
1715 1081 1783 1152 726,
1806 1080 1835 1139 7
1858 1080 1907 1150 72,

302 1194 371 1268 112,
396 1195 463 1264 152,
485 1193 554 1264 332,
575 1194 645 1263 406,
667 1193 737 1262 418,
758 1193 828 1264 465,
850 1193 919 1262 466,
942 1193 1010 1267 540,
1033 1192 1101 1267 596,
1123 1193 1191 1263 642,
1214 1193 1283 1264 650,
1314 1191 1430 1263 7166,
1452 1193 1508 1265 68,
1533 1193 1610 1268 115,
1632 1192 1710 1267 572,
1733 1190 1811 1265 618,
1834 1190 1903 1261 700,

299 1300 362 1359 VH
386 1299 454 1371 176,
477 1301 532 1360 501
559 1305 616 1359 515.
638 1299 731 1358 Hand
753 1317 822 1356 raro
844 1303 944 1356 autem
964 1299 1039 1358 vitia
1060 1297 1130 1357 inde
1161 1303 1267 1357 exorta
1296 1302 1385 1368 5551,
1407 1297 1486 1373 quod
1517 1295 1634 1357 librarii
1663 1297 1782 1375 glossas
1808 1315 1902 1372 supra

299 1426 405 1467 versus
428 1407 599 1484 adscriptas
623 1407 653 1465 in
674 1405 769 1466 verbe
791 1411 898 1484 poetae
919 1405 1093 1478 intulerunt,
1116 1406 1207 1465 velut:
1228 1405 1246 1464 I
1268 1408 1345 1478 144,
1366 1406 1401 1464 H
1421 1407 1469 1482 58,
1491 1406 1571 1479 547,
1593 1405 1645 1464 ΠΙ
1665 1405 1744 1478 534,
1765 1404 1811 1463 17
1833 1404 1902 1477 722,

297 1511 345 1570 VI
365 1511 435 1586 225,
456 1511 538 1571 VIII
560 1512 607 1571 17.
629 1511 787 1571 Interdum
807 1531 879 1572 vero
899 1512 1043 1571 lectiones
1065 1511 1177 1572 codicis
1198 1510 1351 1571 Carrionis
1372 1531 1407 1571 ea
1428 1510 1528 1570 labem
1547 1516 1704 1570 traxerunt
1717 1511 1798 1586 quod
1814 1508 1905 1569 libra·

300 1619 354 1678 riis
375 1638 465 1680 voces
487 1621 611 1695 515555
632 1618 796 1680 scribenda
816 1626 882 1678 erat
902 1621 1054 1698 proximae
1074 1618 1326 1694 obversabantur,
1348 1620 1450 1678 veluti:
1472 1617 1588 1691 1393;
1611 1617 1645 1676 H
1667 1617 1744 1688 133,
1769 1617 1837 1688 168,
1857 1616 1904 1676 17

300 1729 368 1800 600,
391 1728 470 1804 quod
492 1728 532 1787 ad
551 1747 648 1805 genus
669 1727 724 1787 hos
744 1729 825 1788 locos
846 1747 961 1804 quoque
982 1727 1156 1788 referendos
1177 1746 1304 1787 censeo:
1325 1727 1361 1786 H
1381 1729 1441 1786 218
1461 1747 1499 1787 ex
1519 1727 1553 1786 H
1574 1727 1653 1798 216,
1675 1726 1710 1784 H
1731 1728 1791 1786 237
1812 1745 1850 1784 ex
1871 1726 1905 1784 II

300 1837 369 1912 235,
392 1835 420 1894 V
442 1838 481 1896 25
502 1857 539 1896 ex
560 1837 589 1896 V
611 1839 659 1908 39,
681 1837 710 1896 7
731 1839 788 1897 541
812 1856 849 1896 ex
870 1837 898 1896 V
920 1837 998 1909 542,
1021 1837 1147 1896 71269
1168 1855 1205 1922 ex
1227 1836 1372 1907 71267,
1394 1835 1458 1895 7Π
1477 1837 1518 1894 44
1538 1855 1577 1895 ex
1597 1835 1660 1895 VH
1679 1837 1738 1906 45,
1760 1836 1824 1895 7Π
1845 1837 1906 1894 394

297 1963 332 2002 ex
352 1945 416 2004 VH
437 1945 506 2016 393,
529 1945 592 2004 VH
613 1946 674 2005 590
695 1965 730 2004 ex
751 1945 815 2004 VH
836 1945 896 2005 588
917 1946 1054 2004 551592,
1077 1946 1204 2006 eandem
1224 1945 1264 2004 ob
1285 1965 1409 2004 causam
1428 1965 1534 2004 versus
1555 1944 1584 2003 V
1605 1945 1680 2014 542,
1702 1943 1748 2002 71
1772 1944 1904 2004 195-196

297 2051 482 2110 exciderunt.
505 2049 566 2110 Sed
587 2049 711 2126 reliqua,
734 2069 811 2126 quae
832 2055 943 2124 extant,
967 2050 1042 2108 vitia
1061 2051 1170 2110 nimiae
1192 2069 1292 2109 eornm
1316 2050 1504 2110 coniectandi
1525 2049 1652 2126 libidini,
1676 2051 1726 2127 qui
1747 2049 1901 2110 Carrionis

297 2153 407 2214 librum
429 2161 597 2226 exararunt,
621 2155 783 2215 tribuenda
803 2161 883 2214 sunt.
906 2155 1033 2234 Saepius
1054 2157 1134 2215 enim
1154 2164 1278 2236 propter
1297 2157 1413 2216 Valerii
1428 2158 1536 2217 durum
1558 2159 1678 2219 dicendi
1699 2177 1795 2234 genus
1808 2156 1904 2217 verba

297 2269 402 2340 politae
424 2283 443 2322 a
463 2262 597 2322 librariis
619 2266 695 2323 satis
717 2265 870 2324 intellecta
889 2284 950 2323 non
970 2271 1049 2340 sunt,
1072 2267 1123 2342 qui
1143 2273 1177 2324 ut
1197 2286 1300 2326 omnes
1321 2266 1516 2327 difficultates
1536 2269 1676 2328 tollerent
1695 2268 1839 2328 lectiones
1864 2285 1901 2326 ex

297 2371 475 2448 antiquitate
497 2370 626 2430 traditas
653 2371 852 2432 audacissime
883 2371 1128 2450 interpolabant:
1160 2375 1290 2450 itemque
1321 2394 1398 2452 quae
1418 2382 1471 2434 aut
1490 2376 1580 2434 nimis
1610 2376 1756 2452 exquisita
1776 2380 1830 2434 aut
1849 2393 1901 2434 ne·

296 2479 443 2556 glectiora
455 2479 493 2537 iis
505 2478 681 2539 viderentur
695 2499 763 2540 cum
778 2478 881 2540 verbis
902 2480 1016 2540 Valerii
1032 2487 1097 2540 arte
1111 2481 1245 2558 indignis
1258 2487 1429 2561 permutata
1441 2488 1521 2555 sunt,
1536 2482 1672 2560 quamvis
1682 2502 1903 2562 nonnumquam

297 2585 336 2644 ad
350 2589 464 2644 certam
479 2603 602 2644 cerream
618 2587 805 2664 corruptelae
818 2584 927 2645 referri
936 2593 1087 2664 nequeant
1097 2587 1225 2665 indeque
1236 2607 1272 2647 ex
1280 2587 1458 2646 immutandi
1468 2591 1587 2667 pruritu
1593 2596 1710 2649 tuntum
1719 2597 1822 2651 exorta
1831 2594 1902 2651 siut

376 2690 496 2750 Deinde
516 2690 581 2751 fers
604 2697 723 2751 centum
744 2694 902 2768 sexaginte
922 2694 1004 2765 locis,
1026 2713 1099 2769 quas
1122 2712 1160 2752 ex
1180 2696 1260 2752 notis
1281 2695 1377 2753 textui
1398 2693 1543 2755 subiectis
1564 2697 1705 2773 colligere
1727 2698 1811 2773 11551,
1835 2719 1900 2758 cor-

296 2796 430 2874 ruptelas
453 2797 565 2857 codicis
585 2797 727 2858 Vaticani
747 2797 825 2858 llbsr
846 2797 1000 2858 Carrionis
1021 2799 1193 2859 emendavit
1205 2800 1289 2859 :sed
1309 2802 1445 2877 quamvis
1466 2803 1624 2879 plerasque
1649 2805 1801 2880 maculas,
1825 2826 1900 2882 5555

296 2905 327 2962 15
349 2903 452 2963 codice
475 2904 628 2964 Carrionis
649 2904 877 2978 sublatuesunt,
893 2907 1069 2987 apographa
1088 2907 1230 2968 Vaticani
1251 2914 1428 2986 veteresque
1442 2910 1589 2970 editiones
1607 2912 1678 2971 clim
1689 2914 1899 2990 correxissent

295 3013 377 3072 haud
398 3035 512 3094 paucas
533 3022 635 3076 tumen
656 3019 824 3096 scripturas
838 3025 902 3078 tum
916 3021 1046 3098 primurn
1067 3041 1104 3080 ex
1118 3040 1172 3080 suo
1187 3022 1289 3082 codice
1311 3021 1416 3083 Carrio
1437 3025 1560 3102 egregie
1580 3027 1713 3104 protulit
1735 3026 1828 3087 05155
1849 3049 1902 3106 ge-

294 3123 375 3181 neris
390 3122 464 3182 haec
477 3125 614 3202 exempla
634 3127 799 3222 praecipue
820 3127 994 3187 adnotanda
1007 3135 1086 3188 sunt:
1108 3129 1125 3188 l
1146 3131 1186 3190 68
1200 3150 1291 3190 curru
1305 3138 1347 3201 51,
1371 3133 1429 3191 331
1449 3133 1619 3210 polumque,
1642 3134 1701 3194 337
1723 3137 1901 3212 5155115555

295 3235 424 3300 cratera,
447 3231 506 3290 593
528 3233 633 3294 colors
656 3234 697 3293 15.
723 3233 757 3294 H
778 3235 796 3292 6
817 3235 916 3309 fretis,
941 3237 1000 3296 317
1022 3243 1110 3306 55515,
1134 3238 1194 3297 322
1215 3241 1344 3316 auara.
1358 3241 1418 3299 439
1438 3247 1523 3301 valae
1537 3243 1734 3304 Samothraca
1758 3245 1911 3321 diemque,-

294 3334 354 3392 502
372 3354 539 3414 5155555555
559 3338 652 3409 51555,
679 3341 739 3398 535
761 3341 895 3414 defertur
919 3343 1028 3402 bellua.
1053 3343 1104 3402 IH
1128 3345 1184 3402 106
1207 3345 1314 3413 Olenii,
1337 3346 1395 3404 169
1416 3349 1584 3408 occumbens
1605 3349 1700 3420 1,182
1723 3357 1755 3409 51
1779 3351 1901 3412 diuersa

295 3441 598 3518 85555277115155,
626 3447 685 3505 297
705 3447 816 3523 politae,
842 3449 905 3508 333
928 3468 1064 3527 corpora,
1086 3452 1144 3510 341
1166 3452 1287 3525 festina,
1311 3453 1372 3512 367
1391 3473 1529 3531 acerque,
1552 3457 1612 3515 462
1633 3459 1738 3535 celric,
1766 3461 1826 3518 519
1844 3481 1901 3538 per

295 3569 415 3610 5555555.
442 3547 565 3611 17111
590 3552 648 3624 515,
671 3554 731 3612 242
755 3556 871 3624 5155155,
895 3556 956 3614 338
974 3557 1168 3634 5551551555,
1193 3559 1254 3618 428
1274 3561 1435 3636 Harpyiae
1462 3561 1637 3638 leroides,
1661 3567 1720 3623 551
1743 3571 1901 3628 lam-tam

294 3659 384 3729 51155,
414 3659 474 3717 624
494 3660 568 3720 51155
596 3666 631 3720 51.
660 3659 688 3720 V
710 3662 748 3720 67
769 3663 852 3722 55151
873 3663 935 3732 1115,
961 3663 1018 3723 197
1037 3665 1262 3741 515511155200
1279 3671 1568 3743 5551555155,203
1587 3673 1900 3749 515512545515515,

294 3769 354 3826 379
376 3787 441 3838 555,
465 3769 527 3828 440
543 3789 609 3844 per,
634 3771 695 3828 460
716 3771 795 3830 tella
823 3777 906 3832 15555
934 3777 1003 3842 155,
1019 3775 1081 3832 464
1100 3794 1191 3851 repes,
1207 3776 1268 3834 534
1289 3777 1356 3845 1511,
1371 3777 1430 3836 605
1452 3797 1536 3854 5555,
1551 3779 1611 3837 645
1632 3781 1728 3851 51555,
1744 3783 1804 3842 680
1818 3785 1901 3846 ordo.

295 3875 340 3934 VI
361 3877 380 3934 3
403 3877 489 3946 15551,
516 3877 576 3936 217
599 3877 735 3946 Phalera,
762 3878 822 3936 279
843 3899 1009 3962 magnoque
1028 3882 1150 3960 51515515,
1175 3884 1235 3942 417
1257 3903 1330 3944 cura
1350 3903 1463 3959 cauere,
1477 3884 1538 3945 474
1560 3887 1661 3960 alieni,
1676 3891 1736 3949 516
1756 3892 1826 3965 1551,
1842 3895 1902 3952 638

296 3981 411 4041 Actaea
438 3983 608 4058 Olbumque,
638 3984 698 4042 706
720 3984 791 4058 5511,
817 3985 1002 4059 734151151.
1027 3985 1091 4046 VH
1112 3989 1151 4046 24
1174 3989 1257 4065 15515,
1279 3991 1319 4047 46
1342 3991 1439 4066 iprum
1459 4011 1514 4061 me,
1540 3993 1598 4052 187
1619 3995 1826 4075 salicumque,
1841 4000 1901 4060 373

298 4107 454 4165 vocemque
492 4090 587 4148 75555
615 4091 791 4168 blandisque
819 4088 1186 4171 555551553941555,
1207 4097 1265 4155 421
1289 4118 1335 4158 55
1352 4099 1497 4175 pendere,
1518 4102 1578 4160 442
1598 4121 1631 4163 ca
1652 4104 1702 4163 511
1723 4105 1817 4176 1555,
1840 4108 1900 4167 478

297 4193 618 4269 555511548651115,
641 4197 698 4254 541
721 4199 809 4271 frelo,
834 4200 893 4257 566
916 4203 1059 4261 tenebras.
1083 4201 1163 4260 VHI
1183 4204 1223 4262 62
1246 4223 1281 4263 55
1300 4210 1396 4264 55551.

381 4297 448 4357 7151
471 4298 561 4370 docti,
583 4302 634 4377 qui
655 4302 789 4362 codicem
810 4303 964 4364 Carrionis
985 4325 1023 4364 ex
1042 4307 1191 4367 Vaticano
1212 4309 1292 4368 3277
1324 4310 1355 4368 in
1378 4309 1469 4370 Italia
1499 4315 1618 4372 saeculo
1649 4314 1765 4376 decimo
1795 4320 1899 4394 quinto

297 4404 420 4466 11551555
442 4405 582 4466 arbitrati
603 4415 694 4486 sunt,
712 4429 817 4470 omnes
838 4412 981 4472 lectiones
1002 4413 1033 4472 iu
1056 4433 1091 4473 eo
1112 4413 1215 4474 codice
1235 4417 1348 4494 optime
1367 4425 1504 4477 servatas
1535 4421 1731 4482 coniectando
1763 4425 1903 4485 inventas

297 4533 364 4574 esse
386 4523 575 4577 censuerunt
599 4518 679 4589 Quin
698 4538 770 4578 vero
791 4521 925 4598 plerique
945 4522 1012 4598 loci,
1035 4541 1108 4598 quos
1130 4523 1254 4595 Carrio,
1286 4545 1340 4584 suo
1371 4526 1448 4586 libro
1468 4526 1584 4605 fretus,
1606 4534 1729 4608 egregie
1760 4537 1903 4606 restituit,

295 4621 438 4683 facillime
458 4643 494 4683 ex
515 4627 687 4684 coniectura
708 4627 861 4686 emendari
882 4630 1038 4706 potuerint
1059 4650 1118 4690 non
1139 4637 1186 4690 est
1207 4632 1416 4706 dubitandum,
1431 4636 1487 4694 sed
1501 4636 1539 4696 de
1560 4657 1618 4696 non
1632 4640 1723 4699 nullis
1743 4643 1904 4720 scripturis

297 4725 364 4808 [cfr.
386 4728 492 4802 1311,
514 4730 548 4789 H
568 4731 637 4804 439,
659 4731 709 4791 ΙΠ
733 4734 799 4804 169,
822 4735 891 4806 341,
913 4735 982 4808 519,
1003 4736 1033 4795 V
1053 4737 1122 4814 379,
1145 4737 1213 4811 680,
1234 4737 1280 4798 71
1301 4740 1370 4813 217,
1391 4740 1454 4801 7Π
1474 4743 1542 4819 373,
1564 4743 1634 4826 442]
1656 4745 1737 4805 idem
1756 4747 1904 4808 accidisse

297 4855 353 4914 pro
374 4843 457 4896 certo
478 4837 639 4898 adfirmare
660 4858 719 4900 non
741 4843 846 4900 ausim.
877 4843 927 4900 An
948 4843 1132 4904 credendum
1152 4851 1199 4904 est
1220 4847 1465 4924 interpolatorem
1492 4851 1594 4923 illum,
1617 4854 1666 4929 qni
1687 4855 1807 4933 saepius
1829 4858 1904 4914 artis

297 4944 486 5024 emendandi,
508 4966 597 5022 quam
619 4955 737 5025 vocant,
760 4950 1017 5027 imperitIssimum
1038 4957 1128 5027 atque
1149 4952 1265 5012 Valerii
1285 4956 1406 5031 generis
1438 4955 1560 5016 dicendi
1589 4961 1678 5038 plane
1710 4962 1851 5040 ignarum
1871 4984 1906 5023 se

299 5051 471 5129 praebuerit
499 5054 695 5132 plurimisque
717 5057 790 5117 locis
819 5063 935 5117 textum
966 5059 1112 5118 traditum
1141 5063 1328 5122 atrocissime
1359 5067 1534 5142 vexaverit,
1555 5071 1602 5127 tot
1621 5071 1789 5147 scripturas
1815 5081 1906 5150 atque

298 5159 419 5219 easdem
440 5163 638 5237 gravissimas
659 5165 723 5224 solo
743 5166 864 5244 ingenio
884 5167 1079 5226 restituisse?
1100 5168 1208 5246 Itaque
1230 5172 1342 5230 maiore
1364 5191 1402 5231 ex
1421 5179 1509 5251 parte
1530 5194 1581 5234 eas
1602 5176 1746 5237 lectiones
1766 5178 1805 5239 ab
1828 5183 1907 5241 anti·

299 5269 414 5343 quitata
434 5271 566 5330 tradites
587 5291 654 5332 esse
675 5275 741 5334 veri
768 5276 895 5334 similius
916 5275 989 5334 mihi
1011 5275 1140 5336 videtur.

378 5377 516 5455 Denique
537 5382 622 5440 tertii
642 5384 764 5460 generis
786 5386 921 5463 exempla
941 5385 1017 5444 haec
1038 5391 1117 5445 sunt:
1140 5386 1216 5445 149
1237 5408 1340 5465 meque
1361 5391 1498 5452 adsiduis
1520 5394 1638 5463 155555,
1662 5396 1906 5481 130155555515,

301 5483 358 5542 132
378 5485 446 5561 1115,
471 5486 526 5546 141
551 5493 697 5560 55155515,
720 5491 777 5548 157
797 5491 884 5566 peril.
907 5493 966 5548 227
989 5493 1085 5568 15555,
1101 5493 1160 5552 242
1177 5495 1359 5572 quaudoque,
1375 5498 1433 5555 271
1449 5499 1635 5576 indemnata,
1651 5504 1710 5562 285
1725 5506 1906 5582 descendere,

298 5589 358 5646 342
379 5596 411 5650 51
433 5591 508 5663 dent,
531 5592 590 5652 356
615 5595 777 5666 1151515155,
799 5597 859 5655 405
882 5597 1017 5669 11515155,
1040 5599 1100 5658 408
1123 5606 1150 5660 15
1172 5606 1286 5676 quater,
1308 5602 1369 5661 420
1388 5605 1571 5682 caelataque,
1593 5608 1746 5686 53515555,
1769 5613 1907 5676 6371515

1784 5757 1798 5790 θ
