4867 6734
519 597 576 652 LII
1037 598 1357 654 PROLEGOMENON
1375 599 1502 654 CAPVT
1526 601 1560 655 V.

517 757 606 828 00510
624 754 773 830 expressit
794 772 849 812 uec
871 751 1010 830 displicet
1030 751 1161 811 iucunda
1181 753 1321 811 variatio.
1337 751 1373 810 In
1395 753 1473 812 libro
1493 760 1610 824 octavo.
1632 760 1667 813 01
1686 774 1742 832 000
1762 760 1839 823 0001,
1862 755 1949 833 plura
1970 756 2045 814 vitia
2065 756 2124 813 viri

515 855 596 914 docti
611 857 897 947 animadverterunt.
912 857 959 917 De
974 859 1089 918 lacunis
1103 864 1172 935 post
1184 860 1287 917 v.·139
1302 865 1333 919 et
1349 859 1408 917 174
1423 859 1573 918 adnotatis
1588 861 1647 918 iam
1662 860 1809 920 disserui:
1825 861 1941 938 reliqua
1956 861 2122 919 videamus.

515 963 628 1024 Versus
651 965 783 1024 134-140
804 963 989 1024 satisfecisse
1009 969 1112 1024 nostro
1132 971 1241 1042 potitae
1264 964 1441 1025 Colchorum
1464 973 1610 1025 terrorem
1631 967 1765 1042 iramque
1794 968 1908 1026 Aeetae
1936 966 2121 1026 describenti

514 1076 603 1151 plane
624 1073 788 1133 absurdum
808 1074 915 1132 Peters
936 1073 1084 1133 eredidit:
1107 1080 1212 1134 contra
1233 1073 1289 1133 hoe
1311 1074 1375 1134 loco
1395 1074 1547 1134 laudanda
1568 1081 1615 1134 est
1628 1075 1742 1134 Valerii
1763 1076 1841 1133 mira
1859 1074 1995 1135 brevitas
2009 1079 2040 1133 et
2054 1094 2122 1151 per-

516 1183 669 1262 spicuitas,
691 1203 747 1258 qua
770 1201 819 1241 res
840 1183 949 1241 mentis
977 1182 1071 1242 oculis
1092 1202 1187 1261 paene
1209 1182 1407 1242 subiciuntur.
1431 1183 1468 1242 In
1488 1184 1587 1260 longa,
1609 1203 1686 1260 quae
1707 1185 1851 1260 sequitur,
1868 1184 1974 1242 matris
1995 1182 2124 1242 Medeae

513 1291 729 1350 exclamatione
750 1289 896 1366 Wagner,
919 1287 1059 1365 Schenkl,
1082 1289 1133 1347 alii
1155 1289 1351 1348 vehementer
1372 1289 1572 1349 offenderumt.
1594 1289 1678 1349 Nihil
1692 1291 1869 1369 Apollonius
1890 1290 1928 1350 de
1949 1291 2039 1367 Idyia
2059 1297 2122 1349 tra-

514 1397 643 1468 diderat,
664 1397 719 1456 sed
741 1397 821 1475 apud
841 1397 968 1456 latinum
989 1402 1108 1476 poetam
1129 1402 1226 1457 mater
1248 1397 1401 1458 inducitur
1421 1398 1513 1458 tiliam
1535 1419 1620 1457 suam
1636 1398 1775 1458 inanibus
1790 1399 1870 1458 votis
1885 1417 2031 1458 revocans
2045 1399 2123 1458 acri-

514 1505 630 1582 busque
650 1505 753 1565 verbis
775 1509 927 1585 raptorem
950 1524 1119 1564 exsecrans.
1150 1505 1220 1564 Hoc
1241 1504 1381 1564 Valerius
1402 1524 1514 1582 graeco
1535 1506 1699 1584 exemplari
1719 1506 1809 1580 longe
1823 1510 1967 1583 praestat,
1984 1507 2122 1581 quamvis

514 1634 573 1674 non
586 1615 630 1673 ita
643 1614 766 1673 veritati
780 1612 1004 1672 accommodata
1015 1611 1121 1690 Idyiae
1135 1612 1309 1676 lamentatio
1324 1613 1473 1685 videatur;
1488 1613 1544 1672 sed
1553 1618 1656 1672 tamen
1668 1613 1749 1688 quod
1762 1619 1860 1672 mater
1875 1614 1918 1673 ait
1932 1633 2000 1673 cum
2013 1613 2123 1672 Medea

514 1740 547 1782 se
568 1722 698 1781 voluisse
720 1719 864 1799 aufugere
886 1720 942 1780 hoc
962 1722 1026 1779 irae
1047 1727 1077 1778 et
1098 1720 1193 1780 dolori
1216 1721 1339 1781 concedi
1361 1727 1470 1799 potest.
1492 1721 1608 1780 Versus
1623 1723 1736 1783 20216
1750 1723 1891 1783 secundis
1906 1723 1989 1782 curis
2002 1727 2122 1800 poetam

513 1835 581 1908 post
602 1851 630 1888 v.
656 1831 713 1887 174
735 1829 948 1888 collocaturum
969 1828 1062 1888 fuisse
1083 1829 1209 1908 Langen
1231 1829 1353 1888 iudicat.
1376 1829 1418 1887 At
1440 1835 1546 1888 eontra
1566 1830 1640 1889 ordo
1654 1849 1797 1890 versuum
1813 1831 1945 1889 traditus
1962 1831 2075 1890 rectius
2089 1849 2122 1888 00

513 1936 624 1996 habere
638 1937 711 1996 mihi
732 1936 861 1996 videtur.
882 1935 971 2008 Nam,
994 1937 1020 1995 si
1041 1936 1160 1996 codices
1180 1938 1341 2014 sequimur,
1358 1936 1484 1996 Medeae
1506 1957 1641 1998 moerore
1662 1937 1818 2009 confectae
1833 1944 1902 2017 apte
1916 1939 2032 1998 laetitia
2046 1958 2122 2015 nup·

512 2047 621 2104 tiaram
643 2045 859 2104 imminentium
881 2045 1060 2123 opponitur:
1082 2045 1129 2102 sin
1151 2051 1250 2103 autem
1270 2063 1378 2104 versus
1399 2046 1514 2103 sta-16
1535 2052 1606 2123 post
1626 2067 1655 2104 v.
1680 2047 1739 2105 174
1760 2047 2003 2124 transponimus,
2025 2044 2121 2105 verba

513 2153 621 2230 Ergini
643 2153 731 2212 aliam
751 2152 867 2211 reditus
888 2154 969 2212 viam
989 2153 1144 2212 suadentis
1169 2154 1373 2211 narrationem
1387 2154 1511 2212 moleste
1527 2153 1757 2233 interrumpunt.
1772 2175 1801 2213 v.
1816 2155 1993 2212 45001451
2012 2151 2122 2211 abhoc

511 2261 577 2320 loco
598 2261 709 2320 0110000
731 2259 862 2320 Schenkl
881 2261 1010 2338 putavit,
1032 2258 1086 2318 sed
1107 2261 1155 2318 vir
1176 2259 1282 2319 doctus
1303 2260 1401 2319 locum
1422 2281 1547 2338 prorsus
1569 2281 1628 2320 uon
1650 2263 1806 2325 intellexit.
1828 2261 1938 2321 Medea
1966 2260 2054 2330 enim,
2076 2262 2122 2318 ira

512 2368 617 2428 furens
639 2373 728 2446 atque
750 2367 851 2427 dolore
873 2365 931 2449 [cfr
951 2388 980 2427 v.
1002 2366 1082 2449 446],
1104 2368 1274 2444 terrigenas
1294 2373 1456 2444 taurosque
1478 2369 1544 2429 illos
1565 2368 1654 2447 fugit,
1670 2370 1720 2446 qui
1741 2368 1800 2428 sibi
1821 2369 1879 2448 ipsi
1901 2389 1987 2427 suum
2008 2369 2122 2428 crimen

450 2477 453 2488 '
514 2477 545 2536 in
565 2481 695 2536 mentem
716 2477 884 2536 revolventi
904 2495 999 2554 paene
1021 2475 1128 2535 adesse
1149 2476 1301 2536 videntur.
1321 2475 1397 2536 Post
1417 2497 1446 2536 v.
1462 2479 1521 2536 463
1543 2477 1674 2537 fortasse
1693 2498 1753 2536 non
1774 2477 1856 2536 nulla
1870 2475 2019 2536 excidisse
2040 2480 2122 2534 recte

515 2584 602 2644 Thilo
623 2587 749 2643 statuit:
771 2583 826 2643 sed
847 2603 978 2660 eaquae
999 2584 1030 2644 in
1051 2584 1190 2644 versibus
1211 2587 1371 2663 postremis
1391 2585 1550 2646 offensioni
1570 2585 1657 2646 uobis
1677 2591 1748 2645 sunt
1769 2585 1809 2645 ad
1828 2583 2021 2644 librariorum
2041 2583 2120 2641 desi-

514 2688 595 2748 diam
616 2692 675 2748 iam
696 2709 771 2769 opus
792 2690 1227 2767 interrumperestatuentium
1247 2691 1348 2768 potius
1370 2689 1531 2749 referenda
1551 2698 1631 2749 sunt.

595 2795 684 2856 Nunc
705 2817 778 2857 vero
799 2797 838 2856 ad
859 2817 910 2857 eos
931 2799 1011 2857 locos
1033 2798 1187 2856 veniamus
1208 2799 1259 2874 qui
1272 2797 1403 2856 nondum
1425 2819 1443 2857 a
1464 2803 1553 2876 00510
1565 2798 1650 2876 politi
1664 2803 1754 2874 atque
1767 2796 1918 2856 emendati
1933 2796 2008 2854 viris
2022 2794 2120 2853 doctis

515 2905 573 2964 visi
594 2911 673 2963 sunt.
696 2904 742 2963 Ea
761 2924 837 2980 qnae
859 2906 889 2963 10
911 2925 939 2964 v.
961 2904 979 2962 Ι
1000 2906 1038 2963 22
1059 2910 1091 2963 01
1111 2905 1145 2964 Π
1166 2905 1237 2964 6-71
1254 2905 1341 2965 Thilo
1363 2906 1471 2982 aliique
1492 2905 1684 2965 offenderunt
1705 2925 1741 2964 eo
1762 2903 1932 2964 exornanda
1945 2910 2017 2962 sunt
2040 2902 2120 2978 quod

513 3010 653 3070 Valerius
667 3032 716 3071 res
736 3013 956 3091 geographicas
976 3013 1086 3072 leviter
1107 3013 1235 3072 curavit:
1257 3013 1295 3073 de
1316 3033 1374 3090 000
1395 3011 1442 3072 cfr
1455 3013 1615 3072 Harmand
1637 3033 1684 3092 00.
1699 3013 1778 3073 laud.
1794 3035 1823 3092 p.
1837 3012 1920 3072 8-13.
1931 3011 2037 3088 110000
2050 3029 2121 3070 vero

515 3139 592 3195 qnae
612 3120 651 3180 de
671 3121 722 3180 111
743 3123 799 3181 501
824 3127 854 3181 01
874 3121 902 3180 V
925 3122 982 3180 192
1013 3139 1095 3197 seqq.
1117 3121 1271 3180 Summers
1292 3121 1459 3198 disputavit
1478 3122 1574 3200 pluris
1603 3124 1745 3181 momenti
1766 3130 1856 3180 silut:
1878 3121 2019 3179 Valerius
2040 3119 2119 3177 enim

450 3291 456 3300 ‚
515 3248 574 3288 nou
595 3229 751 3289 historiam
772 3230 827 3290 sed
847 3235 952 3308 005000
973 3231 1140 3307 composuit
1159 3230 1312 3306 multaque
1327 3229 1423 3308 postis
1437 3229 1631 3289 concedenda
1643 3234 1724 3288 sunt.
1736 3229 1786 3288 111
1801 3229 1861 3288 700
1874 3247 1956 3304 seqq.
1971 3227 2122 3286 immerito

514 3338 676 3399 Loehbach
707 3339 847 3399 hocloco
867 3345 987 3418 00111οι0
1009 3339 1178 3417 vituperat:
1201 3337 1240 3397 de
1260 3358 1319 3415 qua
1339 3357 1372 3397 re
1392 3339 1504 3416 optime
1535 3339 1694 3397 Harmand
1714 3338 1877 3411 disseruit3
1900 3337 1947 3397 cfr
1968 3356 2016 3415 op.
2038 3334 2119 3394 laud.

514 3465 542 3524 p.
564 3445 666 3504 sesi.
687 3444 736 3503 De
756 3443 785 3502 V
805 3445 865 3503 477
887 3444 1005 3502 ’1511001
1027 3445 1188 3503 assentior:
1218 3442 1274 3502 sed
1294 3449 1325 3502 et
1345 3442 1401 3502 hoc
1421 3451 1453 3502 et
1474 3443 1532 3502 alia
1552 3443 1686 3503 eiusdem
1713 3444 1835 3522 generis
1856 3443 1977 3518 ingenio
2006 3445 2113 3518 000100

513 3555 675 3616 tribuenda
689 3561 768 3627 0001,
790 3555 840 3632 001
861 3556 933 3614 talia
954 3555 1094 3632 neglexit.
1108 3553 1171 3613 VII
1184 3555 1244 3613 423
1260 3573 1320 3612 non
1340 3555 1436 3613 nullos
1457 3555 1488 3613 in
1509 3560 1592 3613 sexto
1606 3553 1684 3612 libro
1697 3552 1891 3612 librariorum
1905 3551 1994 3628 00100
2008 3566 2116 3608 versus

513 3661 670 3737 excidisse,
692 3659 800 3736 quibus
822 3678 901 3718 mors
921 3659 1047 3738 Iphidos
1072 3664 1256 3735 narraretur,
1269 3659 1320 3717 vix
1340 3657 1496 3736 Wagnero
1518 3659 1742 3718 assentiendum
1763 3664 1826 3730 est;
1855 3677 1914 3734 qua
1943 3676 1977 3715 00
1998 3655 2117 3715 Thiloni

514 3767 712 3826 concedamus
741 3766 881 3826 hocloco
902 3765 1056 3824 Valerium
1083 3766 1292 3841 neglegentiae
1322 3765 1409 3843 culpa
1436 3764 1620 3823 notandum:
1649 3763 1705 3823 sed
1726 3764 1861 3823 iudicent
1888 3764 2015 3822 lectores
2039 3779 2112 3819 num

513 3893 571 3932 000
591 3875 641 3933 vel
662 3873 755 3932 altero
777 3873 911 3951 exemplo
932 3878 1052 3950 0051000
1071 3891 1146 3950 0000
1167 3891 1255 3930 suum
1274 3870 1485 3949 imperfectum
1507 3871 1664 3947 reliquisse
1683 3869 1816 3948 probare
1836 3871 1936 3930 liceat.

593 3981 681 4041 Nunc
703 3987 799 4041 restat
818 3987 853 4040 ut
873 3987 1050 4058 argumenta
1070 3979 1251 4051 refellamus,
1272 3998 1348 4055 quae
1368 3978 1484 4055 Petere,
1506 3978 1669 4055 Summers,
1692 3977 1818 4054 Langen
1839 3978 1869 4035 in
1891 3977 2023 4036 medium
2046 3995 2115 4055 pro·

512 4088 655 4148 tulerunt.

592 4197 814 4276 Argumentum
834 4196 954 4274 quidem
974 4196 1102 4255 Petersii
1123 4215 1160 4254 ex
1181 4214 1213 4254 re
1234 4199 1360 4254 metrica
1381 4193 1505 4252 ductum
1527 4213 1581 4270 pro
1602 4193 1694 4252 nihilo
1715 4192 1882 4272 putandum
1903 4200 1950 4251 est
1972 4193 2003 4269 ¹).
2026 4190 2113 4263 Nam,

512 4305 628 4364 ratione
642 4305 767 4364 metrica
780 4305 966 4383 singulorum
981 4302 1124 4363 librorum
1140 4307 1322 4380 comparata,
1337 4321 1430 4361 cansa
1450 4320 1509 4360 nou
1529 4307 1577 4360 est
1598 4320 1652 4360 cur
1671 4300 1782 4360 librum
1803 4306 1943 4360 octavum
1964 4301 2062 4358 minus
2076 4297 2116 4357 ab

513 4415 634 4470 auctore
655 4409 841 4470 elaboratum
861 4430 928 4470 esse
949 4429 1131 4470 censeamus.
1153 4409 1190 4468 10
1211 4407 1512 4469 commentationibus
1532 4407 1711 4479 Valerianis,
1733 4426 1808 4484 quas
1822 4426 1891 4466 mox
1904 4408 2049 4476 emittam,
2071 4425 2119 4464 roe

513 4521 653 4578 metricas
674 4525 704 4578 et
725 4520 917 4599 prosodiacas
937 4519 977 4578 ad
997 4518 1151 4578 Valerium
1171 4519 1314 4577 Flaccum
1334 4519 1520 4596 pertinentes
1542 4517 1705 4593 diligenter
1724 4517 1927 4594 pertractavi:
1950 4516 1981 4573 in
1996 4522 2116 4594 tempus

514 4635 614 4688 autern
635 4647 779 4706 praesens
801 4648 859 4687 000
880 4629 962 4687 00110
982 4645 1145 4705 excerpere
1166 4626 1240 4685 mihi
1259 4625 1381 4686 videtur
1403 4633 1437 4684 ut
1454 4625 1585 4684 Petersii
1606 4625 1753 4683 rationem
1773 4623 1945 4682 dissolvam.

586 4817 606 4886 ¹)
621 4815 695 4870 0010
708 4834 744 4871 ex
757 4815 821 4885 lege
834 4813 1049 4884 Hultgreniana
1063 4819 1149 4883 poeta
1160 4829 1216 4884 quo
1229 4815 1351 4883 quisque
1363 4810 1524 4880 elegantior
1532 4815 1618 4878 esset,
1630 4827 1665 4866 00
1676 4814 1772 4880 magis
1781 4814 1890 4864 vitaret
1899 4828 1986 4865 usum
1996 4812 2118 4884 spondei

513 4918 544 4968 in
558 4919 652 4984 primo
664 4914 743 4986 pede,
758 4914 860 4968 Peters
872 4916 978 4968 statuit
991 4911 1098 4966 librum
1112 4919 1248 4966 octavum
1261 4915 1381 4965 minime
1399 4911 1578 4966 elaboratum
1597 4927 1677 4966 esse:
1695 4916 1783 4983 primi
1805 4918 1884 4968 euim
1900 4914 1966 4968 libri
1980 4929 2118 4982 maguam

513 5013 631 5086 spondei
650 5012 842 5086 frequentiam
861 5031 894 5067 eo
913 5009 1106 5066 excusandam
1124 5015 1238 5065 censuit
1255 5011 1333 5082 quod
1350 5009 1485 5065 Valerius
1504 5014 1536 5064 in
1554 5015 1616 5066 arte
1635 5016 1756 5066 metrica
1778 5017 1835 5068 tiro
1853 5011 1958 5068 fuisset
1978 5011 2024 5066 vel
2042 5013 2120 5084 quod

513 5116 622 5167 maiore
640 5111 788 5166 celeritate
807 5111 843 5165 ad
861 5109 1042 5165 recitandum
1061 5109 1137 5164 hunc
1155 5109 1262 5164 librum
1280 5109 1462 5165 elaborasset.
1472 5109 1610 5166 Koesters
1626 5127 1741 5182 quoque
1759 5111 1867 5165 librum
1879 5119 2024 5181 octavum,
2037 5113 2114 5184 quod

513 5213 620 5264 attinet
638 5208 674 5262 ad
692 5209 877 5279 diligentiam
896 5212 1054 5275 metricam,
1072 5213 1253 5280 postremum
1273 5208 1368 5261 locum
1386 5206 1515 5262 obtinere
1533 5207 1683 5262 conclusit:
1701 5207 1753 5262 sed
1772 5225 1873 5263 vereor
1890 5226 1928 5264 00
1946 5214 1992 5263 vir
2009 5210 2112 5266 doctus

514 5307 642 5374 opinioni
661 5305 798 5375 vulgatae
811 5305 847 5359 de
859 5309 996 5360 carminis
1015 5310 1095 5358 statu
1114 5303 1282 5377 imperfecto
1299 5305 1367 5375 plus
1386 5322 1476 5376 aequo
1500 5304 1649 5360 tribuerit.
1668 5305 1800 5378 Denique
1821 5306 2025 5380 discrepantia,
2044 5325 2119 5380 quae

512 5407 589 5456 inter
606 5421 740 5458 numeros
760 5421 839 5458 meos
857 5411 888 5458 et
906 5403 1029 5459 Petersii
1047 5403 1264 5475 Koestersiique
1282 5409 1415 5472 extat,eo
1433 5405 1603 5477 explicanda
1622 5413 1667 5461 est
1685 5407 1762 5479 quod
1782 5407 1827 5461 iili
1845 5405 2051 5462 Schenkelium
2070 5407 2117 5462 vel

513 5501 674 5572 Thilonem,
693 5520 746 5574 ego
766 5521 833 5558 vero
852 5521 946 5558 meum
965 5504 1121 5556 editionem
1140 5511 1257 5558 sanutus
1276 5519 1349 5557 snm:
1368 5510 1498 5558 ceterum
1515 5524 1572 5558 non
1586 5523 1642 5558 nnn
1661 5505 1723 5559 loco
1742 5505 1901 5560 Koestersii
1922 5512 2001 5561 viam
2022 5525 2057 5560 ac
2075 5526 2120 5561 ra-

513 5605 622 5654 tionem
642 5606 735 5656 reieci.
