4867 6734
749 1383 1467 1516 PROLEGOMENON

987 1757 1168 1835 CAPVT
1197 1759 1227 1832 l.

382 2535 502 2611 Siquis
524 2533 639 2593 Valerii
660 2533 763 2593 Flacci
785 2533 941 2604 editiones,
963 2553 1039 2610 quae
1062 2533 1161 2594 adhuc
1182 2535 1213 2593 in
1234 2537 1331 2594 lucem
1353 2535 1538 2612 prodierunt,
1561 2534 1724 2610 diligenter
1738 2535 1909 2610 contulerit,

307 2658 410 2698 omues
431 2641 461 2698 in
482 2647 623 2715 quattuor
644 2644 759 2699 aetates
780 2638 923 2699 distribui
943 2659 1031 2718 posse
1052 2639 1141 2701 facile
1163 2641 1328 2719 intelleget,
1349 2660 1474 2719 quarum
1495 2640 1593 2718 prima
1613 2641 1643 2710 ii,
1665 2640 1716 2715 qui
1738 2644 1807 2698 aute
1833 2639 1907 2700 Gar·

303 2750 417 2808 rionem
440 2755 542 2807 nostro
563 2753 668 2826 poetae
691 2767 794 2807 curam
814 2766 994 2825 operamque
1015 2748 1172 2820 dederunt,
1189 2750 1286 2808 altera
1306 2767 1379 2809 vero
1400 2747 1505 2808 Carrio
1526 2753 1558 2806 et
1577 2753 1737 2823 sequentes
1758 2747 1908 2822 usquead

302 2855 480 2927 Heinsium,
502 2856 593 2914 151115
614 2860 714 2914 autem
734 2855 878 2914 Heinsius
899 2861 930 2914 et
950 2855 1131 2932 posteriores
1152 2873 1247 2930 usque
1268 2854 1308 2913 ad
1328 2853 1503 2923 Thilonem,
1525 2859 1634 2929 quarta
1662 2853 1791 2928 denique
1818 2851 1908 2911 Thilo

302 2963 543 3039 recentioresque
565 2962 784 3022 contineantur.

383 3072 429 3131 Ex
451 3071 565 3132 codicis
585 3070 725 3130 Vaticani
745 3069 824 3129 3277
848 3070 1039 3149 apographis,
1062 3089 1138 3145 quae
1159 3069 1279 3128 saeculo
1299 3068 1358 3128 XV
1378 3069 1410 3126 iu
1431 3068 1520 3126 Italia
1540 3069 1656 3146 scripte
1683 3076 1763 3143 sunt,
1790 3076 1908 3128 veteres

302 3177 414 3237 Valerii
436 3178 538 3239 Flacci
560 3178 712 3238 editiones
727 3176 886 3237 fluxerunt.
907 3177 1040 3238 Primam
1062 3196 1135 3236 vero
1154 3178 1287 3237 omnium
1307 3175 1526 3235 Bononiensem
1547 3176 1717 3246 editionem,
1735 3177 1909 3257 55551474

303 3301 356 3362 per
377 3282 515 3359 Ugonem
535 3283 702 3361 Rngerium
723 3289 755 3343 et
773 3283 925 3341 Doninum
946 3281 1129 3343 Bertochum
1144 3282 1330 3359 impressam,
1346 3281 1404 3340 viri
1419 3280 1500 3340 docti
1513 3299 1680 3340 memorare
1698 3281 1804 3357 solent,
1819 3301 1907 3357 quae,

301 3410 337 3450 ex
357 3391 460 3450 codice
480 3390 662 3450 Bononiensi
683 3389 830 3466 derivata,
852 3410 911 3450 uon
933 3390 1020 3449 modo
1041 3390 1186 3467 plurimas
1207 3388 1349 3449 lectiones
1372 3390 1480 3447 misere
1501 3395 1660 3466 corruptas
1681 3386 1821 3462 exhibet,
1850 3390 1908 3448 sed

302 3498 393 3556 etiam
414 3495 538 3556 infinitis
559 3515 717 3575 operarum
738 3497 821 3555 vitiis
842 3501 948 3555 scatet.
971 3495 1100 3556 Mendes
1123 3503 1233 3572 antem,
1255 3494 1364 3573 quibus
1385 3495 1478 3555 editio
1498 3497 1640 3574 princeps
1660 3498 1790 3574 pessime
1811 3497 1909 3572 iuqui-

302 3607 374 3662 nnta
396 3607 450 3672 est,
474 3602 674 3662 Bononiensis
696 3602 792 3662 altera
813 3601 849 3684 [a
867 3603 953 3679 1498,
975 3601 1142 3662 Benedicta
1162 3602 1315 3662 Hectoreo
1335 3599 1479 3683 55155151,
1502 3621 1591 3678 quam
1611 3600 1746 3661 Venetae
1767 3598 1806 3681 15.
1830 3601 1909 3658 1500

303 3717 334 3768 51
358 3711 433 3768 1501
457 3729 475 3768 5
496 3709 713 3788 Christophoro
734 3709 772 3769 dc
791 3710 899 3769 Peneis
920 3710 957 3770 de
978 3709 1131 3770 Mandello
1152 3707 1262 3790 editae]
1283 3710 1396 3786 passim
1415 3716 1538 3768 secutae
1560 3717 1639 3785 sunt,
1661 3709 1848 3768 Parisienses
1869 3705 1907 3788 15

306 3816 384 3874 1501)
404 3835 459 3894 per
479 3815 658 3875 Gervasium
680 3817 855 3892 Amoenum,
879 3835 904 3874 5.
929 3817 1004 3874 1511
1028 3821 1059 3874 51
1081 3815 1159 3873 1512
1180 3833 1236 3892 per
1256 3813 1322 3873 Iod.
1343 3813 1473 3873 Badiam
1493 3815 1675 3873 Ascensium
1698 3818 1729 3873 51
1743 3813 1909 3873 Iohannem

231 3937 236 3950 ·
302 3923 444 3995 Parvum,
457 3943 483 3982 a.
507 3924 583 3982 1517
606 3930 638 3982 51
659 3924 737 3982 1519
757 3943 812 4002 per
833 3923 996 4002 Aegidium
1016 3921 1200 4005 1155511551,
1223 3923 1361 3982 Romana
1382 3919 1534 4004 1515011,
1556 3921 1696 3981 15511555
1717 3919 1754 4002 [a.
1778 3923 1856 3982 15011
1878 3931 1911 3982 51

305 4031 391 4106 1517,
414 4037 538 4090 5515515
553 4030 659 4090 Barth.
675 4028 803 4111 Fontiol,
824 4029 1022 4090 Bononiensis
1044 4031 1135 4088 tertia
1157 4027 1288 4110 151504
1308 4048 1376 4088 5515
1396 4029 1422 4088 1.
1437 4029 1474 4087 B.
1488 4028 1536 4088 Pii
1550 4027 1672 4110 aduot.],
1688 4029 1910 4107 complutensis

303 4139 342 4222 15.
368 4141 454 4216 1524,
477 4159 538 4199 551.
561 4140 724 4199 Laurentio
742 4137 851 4221 Balbo]
873 4140 939 4198 sive
959 4157 994 4196 ex
1016 4138 1141 4197 aliorum
1152 4136 1293 4196 Vaticani
1314 4137 1555 4216 apographorum
1575 4139 1764 4213 austeritate,
1786 4139 1851 4198 sive
1872 4158 1909 4197 ex

302 4251 435 4308 virorum
456 4248 613 4306 doctorum
634 4248 812 4323 coniectura,
834 4247 1009 4325 plerumque
1030 4245 1188 4322 sustulere,
1200 4245 1351 4304 interdum
1371 4263 1444 4304 vero
1464 4251 1620 4303 auxemnt.
1635 4245 1698 4305 Sed
1718 4266 1754 4305 ex
1767 4246 1908 4306 omnibns

304 4357 383 4415 illius
419 4357 528 4414 aetatis
550 4353 716 4414 editoribus
738 4355 867 4432 palmam
887 4353 942 4412 Pio
964 4359 1053 4428 atque
1074 4351 1154 4410 Aldu
1175 4349 1264 4410 facile
1284 4349 1453 4409 tribuimus.
1464 4351 1585 4410 Primus
1605 4352 1685 4411 enim
1705 4356 1836 4413 omniurn
1856 4375 1907 4414 co·

303 4463 402 4522 dicem
413 4462 593 4522 Vaticanum
607 4460 686 4520 3277
703 4460 742 4519 ad
756 4460 870 4520 Valerii
891 4460 993 4520 Flacci
1015 4478 1136 4519 carmen
1150 4458 1372 4518 emendandum
1385 4458 1411 4517 L
1424 4459 1566 4539 Baptista
1585 4459 1659 4518 Pius
1680 4460 1819 4520 adhibuit
1833 4467 1909 4522 anul-

304 4581 410 4647 155155
432 4568 596 4628 editionum
616 4569 750 4646 priorum
770 4568 904 4626 maculas
925 4567 1060 4642 (15151511,
1076 4566 1131 4626 sed
1152 4566 1190 4624 de
1211 4566 1259 4624 his
1280 4566 1396 4625 meritis
1416 4585 1476 4624 nou
1497 4565 1571 4625 nihil
1585 4566 1719 4626 detraxit
1738 4570 1813 4648 ipse,
1829 4590 1908 4643 cum,

302 4677 423 4754 optimis
445 4673 515 4734 libri
527 4674 667 4732 Vaticani
688 4671 866 4733 lectionibus
887 4673 975 4753 plane
996 4673 1151 4751 neglectis,
1167 4672 1287 4732 codices
1310 4671 1349 4731 ab
1370 4647 1458 4731 115115
1479 4674 1675 4752 interpolatos
1697 4676 1807 4736 alicubi
1821 4699 1909 4756 pree-

305 4783 407 4845 ferret.
429 4785 475 4843 Pii
497 4783 668 4855 editionem,
690 4801 766 4859 quae
786 4782 939 4842 Bononiae
960 4801 986 4841 a
1012 4783 1089 4841 1519
1110 4781 1232 4861 prodiit,
1254 4781 1428 4858 Eugentiua
1450 4779 1657 4863 [Argentorati
1678 4805 1704 4843 a.
1730 4785 1826 4867 15251,
1850 4789 1907 4848 Co

306 4894 404 4951 linaea
426 4889 561 4972 [Parisiis
583 4911 610 4948 a.
628 4887 724 4970 15321,
737 4889 931 4968 Gryphieuae
953 4887 1104 4970 [Lugduni
1125 4891 1155 4947 in
1176 4889 1282 4948 Galliis
1303 4910 1329 4946 5.
1357 4891 1435 4948 1545
1457 4895 1489 4948 51
1511 4888 1599 4970 15481
1620 4889 1753 4952 fideliter
1773 4894 1910 4954 imitatae

305 5005 385 5057 5551.
396 4997 508 5057 Aldina
530 5017 611 5071 vero,
634 5015 711 5054 anno
735 4997 811 5056 1523
833 4997 988 5074 impressa,
1001 4995 1102 5054 multis
1123 4995 1197 5054 locis
1212 5015 1231 5053 5
1244 4994 1395 5074 prioribus
1409 4994 1593 5056 editionibus
1615 4998 1772 5058 discessit:
1793 5002 1842 5060 vir
1856 5003 1909 5062 do-

304 5113 380 5177 ctus,
402 5107 451 5182 qui
474 5107 501 5164 ei
520 5105 660 5184 praefuit,
674 5108 730 5165 etsi
751 5107 871 5184 saepius
891 5107 983 5165 nimia
1004 5105 1146 5165 violentia
1167 5111 1283 5164 textum
1303 5105 1449 5164 traditum
1470 5107 1608 5176 mutavit,
1628 5125 1687 5165 uon
1708 5109 1791 5167 nulla
1805 5117 1905 5171 tamen

306 5214 390 5283 vitia,
405 5231 481 5290 quae
495 5215 612 5291 priscae
633 5213 780 5271 editiones
801 5217 986 5289 receperant,
1002 5209 1131 5293 feliciter
1141 5213 1281 5286 correxit,
1296 5211 1351 5270 sed
1365 5217 1467 5270 utrum
1483 5212 1619 5272 codicem
1637 5214 1766 5289 aliquem
1779 5217 1910 5276 necdum

305 5317 345 5378 ab
365 5319 426 5377 ullo
446 5319 614 5396 inspectum
634 5316 807 5377 adhibuerit
827 5337 865 5376 au
886 5318 948 5376 solo
969 5319 1089 5395 ingenio
1110 5337 1174 5377 rem
1195 5318 1301 5396 egerit,
1324 5319 1436 5377 nullum
1459 5318 1547 5378 uobis
1565 5320 1714 5379 iudicium
1738 5324 1868 5400 reliquit.

383 5425 510 5484 Praeter
531 5425 670 5496 editores,
692 5443 766 5500 quos
788 5426 1025 5497 memoravimus,
1041 5443 1101 5483 non
1115 5425 1188 5483 nulli
1202 5426 1260 5483 tiri
1275 5425 1355 5485 docti
1370 5427 1407 5484 iis
1421 5425 1607 5504 temporibus
1621 5428 1660 5487 ad
1671 5427 1787 5489 Valerii
1804 5430 1905 5492 Flacci

305 5539 419 5592 textum
441 5531 681 5592 constituendum
706 5531 907 5600 attenderunt,
922 5531 1001 5590 velut
1023 5531 1204 5609 Pomponius
1224 5531 1338 5591 Laetus
1359 5530 1399 5613 115
1420 5553 1517 5611 marg.
1534 5533 1643 5616 coddl,
1665 5536 1758 5595 Ianus
1778 5537 1909 5598 Parrha·

305 5639 368 5697 sius
390 5636 430 5718 115
452 5657 547 5716 marg.
568 5638 746 5715 exemplaris
767 5637 842 5695 Bou.
864 5637 905 5698 11.
928 5637 1008 5714 quod
1028 5637 1651 5722 1155151115Β151.Ν51.511551151511,Α.
1672 5643 1841 5704 Politianus
1865 5645 1908 5728 [iu

302 5746 365 5805 suis
387 5745 596 5804 Miscellaucis.
618 5745 755 5804 Venetiis
778 5743 874 5825 15021.
897 5747 933 5803 Α.
955 5745 1123 5805 Sabellicus
1145 5745 1184 5826 115
1207 5749 1271 5805 suis
1292 5746 1572 5807 Observatiouibus.
1586 5749 1722 5810 Venetiis
1750 5753 1847 5834 15021.
1870 5756 1908 5814 Β.
