4867 6734
505 571 582 624 XIV
1056 566 1377 622 PROLEGOMENON
1394 567 1523 621 CAPVT
1543 567 1567 621 I.

584 721 742 782 Patefacto
764 722 900 782 codicum
922 723 1073 792 memoria,
1095 721 1215 800 plurimi
1236 727 1305 798 post
1327 720 1483 780 Thilonem
1504 721 1543 779 ad
1564 722 1772 798 Argonautica
1784 720 1974 779 emendanda
1994 739 2027 778 se
2043 739 2116 778 con-

507 831 649 906 tulerunt,
666 851 739 906 quos
762 833 792 889 in
813 831 912 890 indice
926 832 1038 890 nostris
1058 830 1279 908 prolegomenis
1293 831 1458 907 praemisso
1473 830 1713 888 memoravimus:
1728 849 1764 888 ex
1778 827 1825 887 bis
1838 829 1997 907 Meyncke.
2013 827 2112 904 Koch,

505 939 618 1017 Haupt,
641 938 812 1014 Loehbach,
845 940 967 1006 Braun.
990 939 1246 1010 Hirschwaelder‚
1268 939 1304 996 Ε.
1326 939 1435 1009 Reuss,
1456 939 1604 1016 Madvig,
1626 938 1774 1008 Koestlin,
1796 938 2002 999 Sandstroem.
2025 937 2114 1005 Ellis,

510 1046 645 1120 Damstc',
668 1047 830 1122 Summers,
852 1047 903 1106 Fr.
925 1048 1033 1123 Reuss,
1053 1047 1200 1125 Postgate
1222 1048 1403 1125 praesertim
1424 1046 1676 1106 commemorandi
1698 1052 1778 1104 sunt.

595 1153 770 1232 Complures
779 1155 895 1214 Valerii
914 1156 1018 1214 Flacci
1038 1157 1192 1214 versiones
1212 1157 1385 1214 extiterunt.
1400 1157 1608 1234 Argonautica
1628 1156 1708 1214 enim
1728 1157 1760 1212 in
1780 1155 1924 1233 gallicum
1937 1155 1975 1212 A.
1990 1155 2117 1213 Dureau

509 1261 675 1322 Delamalle
697 1261 795 1344 [Paris
818 1263 915 1346 1811]‚
938 1264 963 1322 I.
985 1265 1010 1322 1.
1032 1265 1070 1323 A.
1092 1262 1340 1344 Gaussin1Paris
1364 1263 1461 1345 18281.
1484 1263 1666 1322 ChNisard
1686 1260 1784 1342 [Paris
1806 1260 1904 1342 18431,
1930 1263 1961 1320 in
1983 1263 2115 1320 aleman-

509 1389 581 1428 num
602 1369 638 1428 Ε.
660 1369 693 1428 C.
716 1369 750 1428 F.
773 1370 974 1431 Wunderlich
994 1369 1113 1453 [Erfurt
1135 1371 1234 1453 1805]ἳ
1255 1371 1295 1429 K.
1310 1372 1345 1429 F.
1362 1371 1561 1430 Wunderlich
1582 1369 1624 1451 [in
1644 1370 1742 1429 Jahns
1763 1370 1887 1429 Archiv.
1901 1367 2053 1449 1848501,
2069 1370 2117 1428 M.

512 1475 684 1554 thrsohing
695 1476 722 1559 [Ι
733 1478 784 1538 lib.
793 1479 936 1539 Ansbach
950 1480 1048 1562 maol,
1060 1482 1091 1540 in
1102 1480 1291 1558 hispanicum
1300 1481 1402 1539 Iavier
1414 1481 1452 1539 de
1462 1481 1546 1539 Leon
1556 1480 1713 1539 Bendicho
1723 1500 1745 1557 y
1757 1477 2005 1559 QltiltylMadrid
2016 1475 2116 1557 moal,

508 1586 541 1644 in
554 1605 717 1646 suecanum
725 1589 759 1646 P.
769 1587 912 1667 Genberg
923 1587 1022 1670 [Lund
1034 1588 1130 1670 18421.
1143 1591 1174 1647 in
1188 1589 1324 1648 italicum
1334 1609 1501 1647 sermonem
1512 1590 1555 1647 M.
1564 1589 1660 1648 Buzio
1672 1584 2119 1668 [Mnan01731]‚M.A.Pinde-
2188 1565 2193 1575 ¹

511 1695 610 1749 monte
627 1689 757 1771 [Verona
772 1692 869 1774 17761,
882 1694 919 1753 G.
929 1696 1033 1753 Pirani
1049 1693 1075 1775 [Ι
1089 1694 1139 1754 lib.
1155 1697 1186 1752 in
1202 1693 1345 1773 Opuscoli
1360 1696 1503 1772 religiosi.
1515 1693 1774 1772 Maggio-Giugno
1787 1690 1875 1773 1883]
1891 1695 2119 1750 converterimt.

590 1795 693 1854 Prima
715 1798 808 1875 igitur
829 1805 937 1874 aetate⁷
949 1804 983 1857 ut
1005 1819 1080 1875 quae
1096 1802 1202 1875 cuique
1223 1801 1384 1878 perspicua
1397 1801 1459 1857 sint
1471 1798 1559 1858 brevi
1580 1799 1771 1875 complectar,
1788 1795 1963 1874 apographa
1977 1795 2118 1854 Vaticani

511 1902 551 1961 ab
572 1903 658 1962 Italis
679 1906 868 1984 interpolata,
890 1907 1009 1985 integre
1030 1915 1244 1986 regnaverunt.
1266 1911 1292 1966 si
1312 1909 1400 1967 Pium
1421 1909 1596 1986 excipimus,
1618 1909 1668 1984 qui
1689 1927 1725 1965 ex
1745 1907 1894 1965 Vaticano
1915 1906 2025 1965 multos
2038 1905 2120 1962 locos

512 2012 624 2089 optime
646 2012 795 2084 restit-uit3
817 2014 912 2072 altera
933 2035 1015 2087 vero,
1037 2035 1096 2091 qua
1117 2015 1211 2075 codex
1229 2015 1383 2075 Carrionis
1402 2034 1481 2074 unus
1502 2016 1563 2073 dun
1584 2015 1841 2092 inArgonauticis
1855 2012 2052 2072 emendandis
2066 2011 2119 2069 ha-

511 2116 594 2175 bitus
609 2122 663 2192 est,
679 2120 810 2177 omnium
832 2125 965 2180 aetatum
987 2120 1192 2181 infelicissima
1213 2129 1260 2182 est
1282 2124 1449 2196 censenda3
1471 2125 1563 2182 tertia
1583 2127 1683 2181 autem
1703 2128 1805 2180 utrum
1816 2121 1965 2179 Vaticano
1987 2141 2025 2178 an
2046 2120 2119 2180 Car-

511 2224 603 2282 rionis
625 2225 721 2284 codici
741 2227 809 2304 plus
824 2230 1013 2287 auctoritatis
1033 2229 1229 2290 tribuendum
1249 2237 1331 2289 esset
1346 2232 1405 2289 viri
1414 2231 1496 2289 docti
1516 2250 1576 2288 non
1597 2231 1811 2304 quaesiverunt
1827 2235 1916 2304 atque
1934 2227 2053 2285 Heinsii
2068 2245 2119 2283 au-

511 2331 651 2389 ctoritate
671 2333 799 2410 permoti
821 2351 879 2390 non
900 2334 991 2404 nulla,
1014 2332 1052 2392 ab
1074 2353 1108 2392 eo
1131 2335 1318 2412 deprompta
1345 2335 1566 2394 inconsiderate
1587 2335 1715 2411 amplexi
1736 2340 1823 2406 sunt;
1845 2338 1954 2410 quarta
1981 2332 2118 2406 denique,

512 2437 666 2516 patefacta
687 2459 722 2498 ex
744 2438 879 2498 'Philonis
907 2441 1089 2517 aliorumque
1111 2443 1320 2502 collationibus
1339 2426 1489 2502 librorum
1514 2444 1666 2518 memoria,
1699 2461 1775 2518 quae
1806 2443 1912 2516 cuique
1944 2441 2040 2498 codici
2069 2459 2121 2497 au-

513 2548 637 2605 otoritas
658 2549 698 2605 sit
719 2547 881 2608 tribuenda
901 2555 964 2608 tum
987 2553 1115 2628 primurn
1137 2551 1301 2630 disceptari
1324 2559 1461 2630 coeptum
1484 2567 1549 2611 est:
1572 2551 1636 2613 sed.
1659 2557 1691 2609 ut
1713 2557 1811 2625 antea,
1840 2553 1884 2608 sic
1905 2551 2034 2609 maxime
2062 2549 2120 2607 hac

513 2657 613 2712 aetate
635 2655 664 2711 in
686 2673 721 2713 eo
742 2661 898 2732 peccatum
920 2663 966 2715 est
988 2658 1076 2733 quod,
1100 2679 1167 2717 cum
1190 2659 1309 2718 codices
1334 2657 1452 2717 foedius
1474 2679 1564 2735 quarn
1583 2679 1616 2717 re
1642 2677 1715 2717 vera
1737 2662 1893 2734 corruptos
1918 2657 2118 2734 putavissent,

515 2759 613 2816 nullus
635 2759 698 2818 fere
720 2781 826 2821 versus
848 2765 954 2840 extitit,
967 2785 1055 2840 quem
1076 2767 1133 2824 viri
1155 2766 1237 2825 docti
1258 2767 1438 2825 coniecturis
1459 2767 1656 2843 supervacuis
1678 2785 1714 2824 ac.
1735 2765 1875 2823 violentis
1888 2783 1949 2822 non
1964 2768 2120 2821 vexarent.

595 2865 713 2925 Novam
735 2874 865 2928 aetatem
886 2889 919 2929 se
940 2872 1084 2931 initurum
1098 2873 1196 2931 editor
1207 2893 1303 2932 novus
1325 2893 1384 2931 non
1404 2871 1571 2950 profitetur,
1587 2872 1651 2941 sed,
1665 2891 1735 2930 oum
1755 2890 1831 2947 quae
1848 2871 1927 2929 inter
1951 2869 2044 2928 libros
2059 2890 2121 2928 ma·

515 2975 688 3050 nuscriptos
710 2977 788 3034 ratio
809 2977 1016 3038 intercesserit
1036 3000 1169 3056 quaeque
1185 2982 1313 3058 singulis
1342 2981 1497 3040 codicibus
1519 2981 1684 3039 auctoritas
1712 2981 1752 3037 sit
1779 2978 1943 3037 tribuenda
1971 2997 2006 3037 ex
2033 2977 2122 3035 huius

516 3080 713 3159 praefationis
736 3086 833 3162 capite
854 3088 945 3145 tertio
967 3089 1047 3147 clare
1068 3093 1171 3165 pateat
1192 3109 1353 3164 omnesque
1374 3089 1439 3148 fere
1453 3090 1586 3147 virorum
1597 3088 1755 3146 doctorum
1776 3086 1966 3145 coniecturae
1980 3104 2040 3143 una
2054 3105 2123 3143 cum

516 3184 651 3244 codicum
674 3189 852 3250 lectionibus
874 3193 904 3250 in
925 3195 1005 3251 notis
1027 3196 1120 3252 textui
1142 3194 1287 3254 subiectis
1309 3197 1510 3274 reperiantur,
1532 3200 1635 3272 sperat
1655 3191 1720 3252 fore
1735 3199 1768 3251 ut
1783 3193 1841 3250 viri
1856 3192 1936 3251 docti
1952 3192 2120 3269 scripturas

515 3292 653 3352 codicum
668 3295 802 3374 integras
816 3305 958 3357 tueantur
972 3301 1103 3376 locisque
1117 3303 1267 3380 corruptis
1281 3303 1404 3361 meliore
1419 3300 1541 3360 fortuna
1555 3306 1751 3360 succurrant:
1772 3299 1891 3375 quodsi
1906 3299 1955 3358 vel
1970 3319 2008 3356 ex
2024 3298 2124 3373 aliqua

515 3405 602 3476 parte
624 3400 737 3462 factrun
759 3406 825 3477 erit.
848 3427 906 3465 non
928 3410 1046 3468 omnino
1068 3429 1142 3487 opus
1163 3410 1332 3487 perdidisse
1353 3409 1412 3468 sibi
1433 3408 1596 3470 videbitur.

1190 3656 1371 3731 CAPVT
1399 3658 1447 3730 Π.

598 3831 630 3890 Si
651 3853 741 3892 unum
756 3835 933 3909 Quintiliani
950 3840 1045 3897 locum
1061 3841 1092 3917 1),
1108 3838 1159 3897 ubi
1178 3838 1291 3897 Valerii
1307 3858 1387 3896 mors
1401 3841 1561 3897 immatura
1579 3839 1711 3914 lugetur,
1727 3837 1913 3912 alterumque
1927 3835 2081 3894 Iuvenalis
2095 3839 2119 3910 2)

515 3940 687 4016 excipimus,
710 3963 746 4001 ex
768 3964 824 4018 quo
845 3945 1000 4006 Valerium
1021 3968 1096 4026 opus
1118 3967 1205 4006 suum
1227 3949 1257 4005 in
1278 3947 1399 4026 publico
1420 3949 1598 4006 recitat-'isse
1617 3952 1701 4005 recte
1722 3945 1883 4021 colligitur,
1904 3944 2019 4002 nullum
2041 3942 2124 4001 aliud

515 4047 718 4108 testimonium
734 4051 770 4109 de
782 4051 902 4114 Valerio
915 4055 1025 4116 Flacco
1040 4058 1121 4134 apud
1136 4063 1255 4116 veteres
1270 4058 1403 4134 reperire
1418 4074 1592 4134 possumus;
1614 4074 1674 4129 qua
1688 4072 1721 4112 re
1736 4053 1773 4110 de
1788 4054 1854 4111 vita
1867 4053 1932 4109 eius
1945 4052 2025 4108 inter
2039 4050 2122 4108 viros

516 4147 621 4208 doctos
643 4155 731 4214 valde
753 4157 939 4235 disputatum
960 4168 1014 4233 est,
1030 4182 1085 4222 nec
1106 4163 1200 4221 multa
1221 4170 1293 4222 sunt
1313 4183 1389 4238 quae
1403 4164 1483 4220 omni
1504 4181 1576 4220 sane
1597 4159 1813 4239 probabilitate
1827 4158 2011 4217 constituere
2026 4156 2124 4214 liceat.

596 4259 730 4321 Primum
751 4266 871 4341 quidem
892 4269 930 4326 de
951 4275 1057 4347 poetae
1078 4269 1248 4328 nominibus
1270 4270 1464 4329 vehementer
1486 4268 1660 4346 ambigitur.

597 4368 689 4446 Apud
704 4370 917 4442 Quintilianum
941 4376 1000 4436 duo
1020 4380 1139 4436 nomina
1153 4385 1272 4437 tantum
1285 4386 1388 4436 nostro
1402 4385 1509 4455 poetae
1524 4376 1707 4445 tribuimtun
1723 4374 1832 4449 quibus
1846 4375 1877 4431 in
1892 4373 2087 4450 inscriptione
2102 4373 2127 4445 ³)

518 4473 630 4532 codicis
650 4475 780 4537 Parisini
809 4482 887 4540 7647
917 4505 1097 4560 praenomen
1126 4485 1257 4544 additur.
1279 4486 1334 4544 sed
1362 4487 1393 4543 in
1422 4485 1526 4544 codice
1553 4484 1701 4543 Vaticano
1721 4481 1811 4556 3277,
1832 4482 1865 4539 in
1890 4479 2074 4554 Monacensi‚
2097 4479 2127 4535 in

519 4577 631 4637 codicis
653 4579 858 4659 Sangallensis
887 4588 1069 4666 apographis
1092 4589 1185 4649 Setini
1211 4591 1305 4649 Balbi
1327 4591 1493 4663 nominati,
1509 4609 1635 4665 quorum
1655 4595 1757 4645 tamen
1787 4605 1846 4644 non
1866 4603 2028 4661 numquam
2052 4581 2127 4640 ordo

592 4773 613 4843 ¹)
633 4774 730 4830 Instit.
750 4785 820 4833 orat.
840 4781 869 4834 X
887 4797 905 4847 ι,
925 4783 973 4836 9οῑ
993 4785 1120 4838 multum
1139 4791 1169 4838 in
1188 4785 1305 4838 Valerio
1323 4784 1426 4838 Flacco
1444 4801 1537 4855 nuper
1553 4787 1716 4836 amisimus.

593 4874 615 4944 2)
635 4875 729 4931 Satur.
749 4878 764 4932 I
783 4879 856 4934 7-11;
871 4881 947 4936 Nota
966 4889 1062 4954 magis
1079 4884 1153 4938 nulli
1172 4885 1277 4939 domus
1295 4901 1356 4950 sua,
1376 4901 1465 4953 quam
1483 4882 1557 4935 mihi
1575 4882 1659 4934 lucus

867 4979 971 5035 Martis
990 4987 1020 5035 et
1038 4983 1150 5037 Aeoliis
1168 4987 1298 5036 vicinum
1316 4981 1437 5054 rupibus
1455 4987 1573 5034 onnam

868 5079 1004 5148 Vulcani3
1025 5079 1094 5151 quid
1113 5087 1203 5150 agant
1221 5084 1309 5147 venti,
1329 5097 1400 5149 quas
1419 5084 1554 5148 torqueat
1571 5077 1689 5131 umbras

871 5178 992 5244 Aeacus,
1012 5177 1088 5232 unde
1107 5178 1182 5231 alius
1200 5176 1329 5231 furtivae
1347 5177 1472 5231 devehat
1490 5194 1595 5230 aurum

601 5347 605 5350 -
870 5275 1031 5348 pelliculae,
1051 5281 1174 5346 quantas
1194 5276 1337 5329 iaculetur
1355 5257 1519 5345 Monychus
1537 5291 1630 5328 ornos.

594 5375 616 5445 Β)
635 5374 726 5428 Gaius
745 5373 880 5428 Valerius
899 5373 1019 5427 Flaccus
1038 5377 1070 5426 in
1089 5377 1183 5444 primo
1202 5373 1430 5441 Argonauticon.

594 5473 616 5542 ⁴)
636 5471 670 5524 G.
686 5470 819 5524 Valerius
832 5469 953 5523 Flaccus
966 5469 1083 5523 Setinns
1094 5469 1203 5523 Balbus
1216 5467 1293 5541 [Vat.
1307 5469 1379 5522 3277
1393 5468 1440 5522 lib.
1453 5468 1494 5537 V;
1506 5469 1618 5522 Monac.
1634 5468 1682 5522 lib.
1694 5468 1718 5535 1,
1731 5469 1770 5535 11,
1786 5469 1836 5537 lv,
1849 5469 1882 5536 V,
1895 5468 1945 5533 VI,
1959 5469 2025 5534 Vll,
2037 5467 2130 5541 villi,

523 5567 557 5622 G.
579 5567 712 5623 Valerius
730 5567 851 5621 Flaccus
869 5567 978 5622 Balbus
998 5567 1115 5620 Setinus
1137 5565 1212 5638 [Vnt.
1232 5565 1303 5620 3277
1323 5565 1430 5635 nb.11;
1450 5565 1547 5620 Ottob.
1561 5565 1734 5634 1258nb.1;
1749 5565 1814 5618 Vat.
1830 5565 1900 5618 1613
1914 5564 1962 5618 lib.
1976 5563 2010 5638 ll,
2024 5563 2059 5618 G.
2076 5563 2133 5616 l‘a-

524 5667 614 5720 larius
633 5666 753 5720 Flaccus
770 5667 887 5721 Setinus
908 5665 983 5739 [vat.
1003 5666 1073 5720 3277
1093 5664 1142 5718 lib.
1162 5665 1212 5732 IV,
1234 5665 1283 5729 VI,
1304 5664 1370 5733 vn,
1390 5665 1471 5730 Vss13
1496 5664 1608 5719 Monac.
1628 5664 1677 5718 lib.
1697 5663 1762 5735 1111.
