4867 6734
852 611 1176 668 PROLEGOMENON
1197 611 1327 667 CAPVT
1346 611 1397 667 IV.
1820 616 1922 671 XLlll

313 771 414 830 desere
433 790 509 830 aluno
530 789 631 830 uelatos
652 767 763 826 ironice
778 767 893 826 dietum
907 765 1066 835 Maserius,
1087 765 1290 837 Burmannus,
1306 765 1453 844 Wagner,
1465 766 1562 840 Thi103
1578 767 1817 845 exprobrationis
1831 791 1923 830 causa

284 877 416 948 &aazia
433 881 557 954 propter
577 875 814 934 misericordiam
835 872 1011 943 Delamalle,
1032 871 1180 941 Lemaire,
1197 871 1327 932 Caussin
1347 877 1540 950 putaverunt.
1561 873 1686 932 Rectius
1707 875 1833 953 Langen
1856 896 1921 935 oum

315 985 411 1042 ironia
432 982 638 1043 misericordia
659 984 751 1041 mixta
771 981 846 1041 haec
859 978 955 1040 verba
969 980 1052 1039 diota
1066 999 1132 1038 esee
1146 979 1311 1039 contendit.
1393 980 1454 1038 228
1465 982 1663 1041 Eumenidum
1678 983 1764 1044 coam
1773 984 1923 1044 Maserius

317 1091 450 1160 Furiam,
471 1090 673 1160 Burmannus,
695 1089 842 1165 Wagner,
863 1087 997 1164 Huguet,
1020 1086 1182 1156 Summers,
1205 1087 1331 1164 Langen
1344 1106 1444 1155 canes,
1460 1087 1542 1158 Pius,
1555 1086 1692 1157 Vossius,
1714 1088 1922 1160 Pindemonte,

318 1199 492 1274 Delamalle,
509 1197 637 1258 Caussin
652 1197 817 1258 Cerberum
831 1196 1051 1254 intellexerunt.
1065 1194 1113 1252 Pii
1124 1196 1352 1274 explicationem
1365 1197 1453 1253 malo.
1534 1197 1594 1254 403
1606 1198 1716 1256 borrel:
1731 1197 1923 1256 Burmannus

312 1311 343 1362 et
359 1303 502 1380 Wagner
524 1305 562 1364 de
582 1303 696 1382 frigore
718 1305 804 1379 quale
825 1303 866 1361 sit
886 1299 991 1374 hieme,
1007 1301 1193 1362 Samuellson
1208 1301 1247 1360 de
1262 1299 1376 1379 frigore
1389 1320 1427 1360 ex
1443 1301 1550 1361 inferis
1570 1303 1722 1361 emananti
1742 1305 1923 1363 mentionem

313 1431 383 1471 esse
405 1415 549 1491 cogitant.
571 1412 697 1472 Rectius
719 1411 846 1471 Caussin
868 1419 900 1470 et
919 1411 1045 1487 Langen
1066 1412 1110 1469 sic
1131 1410 1292 1486 explicant:
1314 1408 1438 1468 arbores
1461 1411 1601 1469 immotae
1622 1416 1705 1469 stant
1719 1431 1757 1470 ne
1771 1411 1924 1470 levissima

313 1521 437 1596 qrridem
458 1541 532 1580 aura
553 1521 695 1597 agitatae.
779 1520 839 1577 444
859 1518 932 1576 Pius
947 1525 978 1576 et
992 1518 1190 1577 Pindemonte
1205 1515 1322 1593 effigies
1337 1518 1470 1576 virorum
1485 1517 1657 1578 adtruncos
1678 1539 1841 1597 suspensas
1855 1539 1923 1580 esse

317 1634 508 1706 putaverunt:
531 1627 586 1687 sed
605 1627 655 1686 hio
675 1627 881 1686 Burrnannum
895 1643 1003 1700 sequor
1017 1626 1062 1682 sio
1083 1625 1341 1702 interpretantem:
1355 1623 1481 1700 Mopsus
1496 1625 1607 1683 locavit
1621 1645 1749 1701 quercus
1770 1645 1923 1686 nemorum

314 1743 439 1794 truncas
459 1741 493 1793 ut
514 1734 631 1813 effigies
652 1741 754 1792 essent
775 1733 916 1792 virorum.
998 1733 1059 1790 468
1079 1738 1165 1792 aulul
1187 1731 1296 1790 iniuria
1316 1731 1516 1802 Burmannus,
1541 1733 1589 1790 oui
1604 1734 1785 1810 posteriores
1807 1737 1922 1794 assensi

314 1849 394 1915 sunt,
417 1844 461 1901 ita
481 1844 650 1922 explicavit:
672 1848 746 1900 nutu
768 1843 856 1918 signa
877 1840 1110 1899 dat..Caussino
1132 1839 1242 1900 accedo
1264 1841 1314 1915 qui
1335 1842 1380 1899 sic
1401 1840 1618 1917 interpretatus
1638 1847 1708 1901 est:
1731 1844 1760 1901 in
1782 1864 1871 1902 unam
1892 1855 1925 1904 et

314 1953 441 2010 alteram
462 1957 578 2028 partem
602 1951 734 2010 inclinat.
817 1949 876 2008 473
896 1967 1055 2026 perperam
1070 1948 1194 2024 Langen
1207 1949 1317 2022 garnita
1332 1958 1364 2005 et
1374 1950 1467 2024 palea
1482 1948 1601 2008 dativos
1623 1950 1780 2027 intellegit.
1863 1954 1922 2012 557

312 2059 481 2136 procumbit
502 2079 557 2136 pro
579 2057 774 2117 obdormiscit
795 2057 925 2134 positum
946 2075 1012 2114 esse
1033 2055 1188 2114 Baehrens
1211 2055 1377 2115 arbitratus
1398 2059 1454 2113 est.
1482 2055 1621 2116 Koestlin
1642 2058 1791 2136 explicat:
1827 2063 1922 2120 «sich

314 2165 509 2242 nicderlegen
520 2185 588 2224 aum
599 2161 734 2223 schlafen
749 2191 775 2221 ».
786 2162 889 2231 Buzio,
903 2161 1041 2233 Caussin,
1049 2161 1108 2220 alii:
1120 2159 1292 2238 procumbit
1302 2161 1342 2219 ad
1352 2160 1526 2220 bibendum.
1535 2161 1665 2241 Optime.
1746 2169 1807 2226 560
1817 2171 1923 2229 umbra

314 2291 374 2329 non
396 2270 538 2330 arborum
560 2269 660 2350 {Lena
675 2268 822 2348 Wagner,
839 2269 972 2345 Huguet,
988 2267 1147 2349 Koestlinl,
1162 2267 1217 2326 sed
1232 2269 1382 2345 nymphae
1398 2266 1490 2349 [Pina
1505 2269 1664 2344 Maserius,
1676 2275 1768 2357 seqq.}
1849 2279 1922 2337 olo-

313 2377 353 2434 46
371 2377 541 2454 potioribus
561 2378 616 2436 illa
637 2376 787 2436 delatore
806 2377 921 2448 soccus:
952 2375 1045 2434 verba
1076 2375 1177 2433 multis
1207 2393 1281 2433 sane
1301 2383 1452 2452 suspecta.
1474 2375 1529 2434 Ph.
1551 2377 1690 2456 Wagner
1710 2384 1754 2444 sio
1776 2387 1921 2467 interpre-

311 2491 402 2544 tatur:
425 2483 530 2542 fovens
552 2483 703 2543 deteriora
724 2503 813 2559 quarn
828 2502 864 2540 ea
878 2489 948 2541 sunt
962 2501 1037 2558 quae
1051 2480 1155 2540 fovent
1169 2483 1316 2561 potiores3
1332 2481 1417 2541 Ellis:
1432 2483 1606 2545 melioribus
1620 2490 1786 2551 rationibus
1801 2514 1922 2556 oausam

311 2593 491 2652 deteriorem
513 2589 688 2650 defendens.
712 2590 787 2648 Mihi
808 2590 929 2666 quidem
951 2589 1062 2648 usitata
1082 2589 1243 2666 explicatio
1264 2592 1362 2667 magis
1376 2590 1500 2651 arridet:
1522 2613 1630 2653 causas
1643 2595 1808 2660 deteriores
1823 2606 1922 2683 magis

309 2719 398 2776 quam
413 2701 545 2778 potiores
560 2699 736 2759 defendens.
819 2699 877 2757 693
893 2698 1036 2758 daedalea
1056 2698 1199 2757 Telamon
1219 2699 1345 2758 sedicet:
1366 2700 1423 2759 hoc
1443 2707 1567 2780 propter
1587 2703 1675 2763 Pium
1695 2712 1726 2764 et
1748 2707 1919 2771 Carrionem

310 2810 387 2868 dico.
472 2808 532 2866 740
553 2809 623 2868 iota
644 2807 769 2868 sordido
782 2807 909 2885 Huguet
922 2806 1059 2884 explicat:
1075 2807 1199 2884 pulvere
1214 2805 1346 2865 foedata.
1361 2807 1488 2867 Rectius
1502 2809 1607 2882 Buzio,
1621 2811 1767 2890 Wagner,
1783 2814 1921 2895 Caussin,

311 2913 470 2973 Bendicho
490 2934 511 2991 y
534 2911 647 2990 Quilty,
670 2912 856 2972 Samuellson
881 2913 918 2971 de
939 2912 1072 2971 lacrimis
1093 2913 1313 2988 cogitaverunt.

390 3018 459 3079 Lib.
481 3018 526 3078 IV
542 3019 580 3077 18
592 3037 702 3093 proves
712 3018 849 3095 Wagner
863 3017 1015 3096 intellegit
1029 3019 1148 3090 tristes;
1174 3017 1311 3089 Caussin,
1326 3019 1482 3080 Bendioho
1496 3042 1517 3099 y
1532 3022 1646 3101 Quilty,
1660 3023 1802 3105 Langen:
1817 3049 1921 3089 somno

311 3133 466 3204 gravatos,
488 3125 569 3202 quod
589 3125 693 3204 probo.
715 3125 799 3185 deam
815 3125 898 3183 varie
912 3124 1094 3202 explieatum
1115 3132 1170 3184 est.
1193 3125 1353 3196 Maserius,
1364 3125 1566 3200 Burmannus,
1580 3129 1684 3207 Bimio,
1698 3133 1844 3211 Wagner,
1859 3136 1920 3195 De-

310 3233 445 3291 lamalle:
468 3250 619 3304 somnum;
641 3231 799 3290 Heinsius:
822 3231 981 3304 Iunonem3
1004 3229 1123 3290 Carrio:
1146 3231 1285 3304 deornm;
1306 3231 1388 3309 Pius,
1412 3231 1550 3306 Causam,
1571 3235 1714 3314 Langen:
1729 3240 1841 3300 Iovem.
1862 3243 1918 3301 Pio

310 3340 536 3400 assentiendum
556 3345 637 3418 puto.
720 3339 1066 3400 erumminensis
1096 3339 1232 3398 dativum
1260 3341 1453 3400 Burmannus
1472 3348 1503 3400 et
1524 3342 1670 3421 Caussin,
1692 3345 1858 3408 ablativum
1879 3370 1915 3409 ex

310 3468 402 3526 anper
422 3448 604 3528 pendentem
625 3447 763 3526 Wagner
784 3453 815 3505 et
835 3447 969 3524 Huguet,
985 3446 1152 3506 ablativum
1166 3446 1345 3523 absolutum,
1361 3450 1409 3508 oui
1424 3449 1471 3507 vis
1486 3452 1661 3510 concessiva
1681 3455 1762 3530 insit,
1784 3456 1916 3517 Schenkl

312 3557 466 3616 intellexit.
488 3557 615 3634 Langen
635 3555 708 3614 nihil
731 3554 886 3626 diiudicat
908 3573 964 3631 ego
986 3573 1057 3613 vero
1078 3553 1290 3613 Schenkelium
1310 3575 1428 3631 sequor.
1509 3556 1619 3618 88:100
1633 3559 1697 3618 loco
1718 3560 1853 3623 'Philonis
1867 3585 1918 3624 ex-

313 3663 435 3740 plicatio
450 3665 587 3739 quamvis
602 3662 766 3722 artificiosa
778 3659 934 3740 probanda
945 3667 1001 3720 est:
1012 3682 1081 3720 narn
1097 3661 1134 3720 de
1146 3663 1337 3740 corruptione
1352 3664 1403 3720 vix
1418 3664 1545 3739 eogitari
1559 3671 1667 3742 potest
1753 3672 1810 3728 159
1824 3674 1919 3732 tostin

311 3767 342 3826 id
364 3775 413 3828 est
433 3769 571 3829 inimicus
594 3767 677 3850 {Pius
697 3774 728 3826 et
748 3766 851 3849 seqql.
873 3766 987 3828 Contra
1006 3768 1149 3840 Alardus,
1171 3767 1318 3846 Wagner,
1335 3767 1472 3840 Caussin,
1494 3769 1628 3848 Huguet:
1649 3776 1837 3852 peregrinus.

314 3880 372 3938 192
394 3880 478 3940 modo
500 3879 561 3939 sint
583 3878 637 3938 libi
657 3877 781 3952 aaayaia
802 3882 829 3936 el
851 3882 945 3936 artas.
967 3876 1158 3955 Ineptissime
1179 3875 1387 3934 Burmannus:
1409 3876 1497 3935 modo
1516 3876 1574 3938 tibi
1594 3881 1634 3939 sit
1656 3882 1781 3959 animus,
1809 3886 1917 3961 virtus,

314 4011 373 4068 qua
395 3991 485 4067 vulgo
507 3985 720 4048 celebrabaris.
742 3986 809 4046 Hoc
830 3985 917 4044 modo
938 3987 1018 4044 enim
1037 3985 1110 4042 Pius
1132 3991 1214 4043 reete
1236 3985 1405 4063 explicavit:
1427 3987 1453 4044 si
1474 3987 1554 4046 siout
1567 3989 1618 4046 alii
1632 3993 1814 4051 constitutus
1834 4013 1876 4065 es,
1892 3997 1918 4052 si

315 4117 425 4178 corpus
445 4097 541 4157 habes
562 4095 641 4172 quod
663 4095 814 4154 vulnerari
836 4100 867 4152 et
887 4095 1065 4170 sanguinem
1086 4093 1135 4170 qui
1157 4092 1274 4152 effundi
1294 4100 1402 4172 potest.
1486 4095 1544 4155 196
1564 4115 1687 4157 versum
1711 4100 1824 4161 codicis
1845 4103 1918 4162 Car·

312 4207 406 4265 rionis
427 4209 551 4282 propter
573 4202 651 4260 illius
674 4199 743 4260 libri
764 4199 854 4258 fidem
875 4205 1046 4278 suspeotam
1068 4219 1127 4258 non
1148 4201 1258 4278 recepi,
1280 4201 1417 4275 quamvis
1438 4201 1498 4260 alia
1517 4222 1578 4260 non
1596 4205 1666 4282 sint,
1681 4205 1791 4282 quibus
1811 4228 1918 4270 versus

312 4315 434 4392 spurius
454 4311 604 4372 videatur.
688 4309 747 4366 272
762 4308 880 4368 dubiam
895 4314 984 4383 capot
998 4307 1190 4367 Burmarmus
1205 4315 1346 4384 respectu
1359 4309 1477 4367 timoris
1489 4310 1737 4387 Argonautarum
1746 4314 1806 4374 dici
1820 4324 1917 4393 putat:

312 4428 418 4480 contra
437 4420 511 4478 Pius
533 4425 564 4477 et
582 4419 709 4494 Langen
730 4416 768 4475 de
790 4415 884 4493 ipsius
903 4415 1035 4474 Pollucis
1056 4415 1162 4474 timore
1183 4415 1403 4492 cogitaverunt.
1419 4417 1481 4476 Sed
1502 4419 1613 4477 rectius
1628 4439 1695 4479 mea
1709 4422 1830 4499 quidem
1851 4444 1917 4483 sen-

313 4528 409 4584 tentia
430 4525 640 4602 Zinzerlingus
662 4529 693 4581 et
714 4521 843 4582 Caussin
863 4526 955 4600 caput
976 4521 1085 4580 mobile
1106 4521 1304 4598 explicanmt.
1387 4523 1446 4581 275
1467 4543 1598 4586 summos
1617 4527 1755 4587 monitae
1775 4529 1916 4591 deducere

313 4641 438 4694 coeatur:
460 4633 544 4692 locus
565 4633 659 4692 variis
680 4630 776 4690 modis
798 4635 971 4706 temptatus,
995 4647 1082 4705 quem
1104 4631 1225 4688 servavi
1239 4631 1284 4690 sic
1297 4632 1510 4709 interpretans:
1531 4631 1667 4692 sublatos
1682 4642 1802 4696 caestus
1823 4639 1853 4696 in
1865 4639 1918 4698 ad-

313 4743 481 4803 versarium
503 4740 661 4798 demittere
684 4736 868 4818 [Delamalla
891 4735 1027 4814 Caussin,
1050 4736 1194 4819 Huguetl.
1214 4739 1275 4797 Alii
1297 4739 1385 4798 aliter
1397 4741 1634 4818 explicavenrnt.
1646 4743 1728 4802 Pius:
1742 4745 1919 4824 inplicautia

313 4849 433 4911 vincula
454 4853 609 4908 caestuum
631 4845 827 4918 abstrahere:
848 4845 943 4903 Buzio
964 4851 995 4904 et
1015 4845 1171 4921 Wagner:
1194 4853 1314 4906 caestus
1335 4866 1352 4906 e
1373 4846 1523 4907 bracchiis
1543 4849 1682 4909 manibus
1713 4855 1836 4931 propius
1861 4856 1914 4915 ad-

313 4974 444 5015 movere.
527 4953 586 5010 326
608 4971 694 5012 cmo
715 4971 775 5010 non
795 4952 913 5028 Amyci,
929 4959 962 5010 ut
976 4969 1135 5028 perperam
1155 4952 1358 5013 Burmannus.
1373 4953 1429 5011 sed
1448 4953 1589 5014 Pollucis.
1669 4957 1728 5016 391
1745 4959 1814 5019 Iovi
1826 4960 1859 5019 id
1872 4970 1919 5020 est

316 5084 332 5120 a
354 5061 427 5120 Iove
448 5058 592 5141 {Huguet,
615 5058 752 5130 Causam,
775 5056 844 5139 alii]:
867 5058 1005 5134 Wagner
1018 5063 1049 5116 et
1068 5057 1162 5116 Buzio
1183 5060 1281 5117 minus
1302 5066 1393 5118 recte:
1408 5060 1439 5118 in
1450 5059 1595 5119 laetitiam
1615 5060 1707 5122 Iovis.
1789 5067 1849 5124 505
1862 5067 1919 5137 firi

314 5169 413 5228 idest
435 5169 552 5226 attenti.
582 5167 695 5226 Contra
716 5165 833 5224 Weitz:
856 5166 984 5223 attoniti.
1067 5166 1124 5222 641
1147 5165 1257 5224 inserto
1279 5166 1330 5224 alii
1351 5167 1495 5244 ingentia,
1517 5168 1569 5226 alii
1590 5166 1722 5229 furentia
1751 5171 1917 5248 explicant:

314 5282 498 5354 postremum
519 5275 605 5334 malo.
688 5274 749 5331 654
770 5271 895 5332 abiecti:
918 5273 948 5330 in
969 5271 1026 5330 hoo
1046 5271 1139 5331 verbo
1161 5273 1388 5352 interpretando
1409 5274 1467 5332 viri
1493 5273 1574 5334 docti
1605 5278 1695 5336 valde
1726 5277 1917 5338 dissentiunt.

313 5385 423 5459 Weitz,
445 5385 644 5452 Burmannus,
665 5382 768 5457 Buzio,
791 5382 966 5442 Delamalle:
987 5382 1051 5440 loco
1072 5402 1126 5441 suo
1147 5383 1218 5440 moti
1240 5402 1296 5460 per
1315 5383 1488 5442 violentiam
1509 5391 1611 5443 aestus
1632 5388 1749 5460 marini;
1771 5387 1919 5466 Wagner:

315 5511 440 5570 surgere
462 5493 553 5564 iussi;
574 5489 728 5560 Barthius,
751 5489 903 5563 Heinsius,
937 5490 1072 5568 Langen:
1105 5492 1204 5549 animo
1225 5490 1345 5550 abiecti.
1366 5491 1487 5551 Barthii
1508 5494 1667 5571 explicatio
1692 5496 1780 5574 longe
1799 5497 1918 5574 praefe-

316 5599 408 5658 renda
431 5605 486 5656 est.
570 5599 629 5656 692
652 5599 738 5672 iupis:
760 5597 836 5655 rnale
857 5597 995 5673 Wagner
1015 5597 1053 5656 de
1074 5599 1217 5656 transtris
1239 5598 1394 5673 cogitavit:
1416 5618 1485 5656 nam
1507 5598 1545 5658 de
1566 5599 1692 5677 rupibus
1714 5601 1844 5679 Cyaneis
1863 5603 1920 5664 hoo
