4867 6734
530 536 603 591 XVI
1067 533 1387 590 PROLseomox
1404 535 1534 590 CAPVT
1552 537 1592 590 IL

528 697 617 760 taret,
638 691 792 750 Valerium
808 711 887 750 anno
901 691 1037 750 LXXIX
1058 691 1208 750 interiisse
1230 692 1357 749 censuit.
1370 689 1470 764 Quam
1482 694 1663 750 sententiam
1677 691 1848 751 Loehbach.
1870 712 1938 751 cum
1959 713 2018 750 uon
2038 693 2136 750 nullos

528 797 598 856 libri
620 799 702 855 tertii
723 798 881 873 quartique
902 815 1009 856 versus
1031 796 1070 855 ad
1091 796 1217 854 Vesuvii
1237 798 1423 874 eruptionem
1444 815 1522 854 auno
1542 797 1680 856 LXXIX
1710 797 1824 856 factam
1851 805 1991 875 spectare
2022 799 2139 874 primns·

529 908 612 962 recte
633 903 768 978 udisset,
790 923 844 962 suo
858 905 923 962 iure
937 905 1042 962 reiecit
1056 911 1240 978 mortemque
1254 902 1368 961 Valerii
1381 903 1413 960 in
1427 923 1539 961 annum
1563 903 1747 962 LXXXVII
1770 904 1819 961 rel
1840 902 2042 961 LXXXVIII
2062 903 2138 960 inci-

529 1009 611 1068 disse
631 1012 748 1069 statuit.
761 1011 916 1071 Baehrens
938 1017 1048 1082 autem,
1062 1011 1181 1071 Heinsii
1196 1013 1365 1090 opinionem
1379 1017 1510 1086 secutus¹
1524 1013 1576 1087 qui
1589 1013 1797 1089 Argonautica
1810 1012 1851 1070 ob
1865 1010 1982 1070 librarii
1993 1013 2140 1070 incuriam

529 1117 577 1176 rel
599 1117 751 1194 gothicam
772 1119 970 1198 direptionem
992 1122 1035 1180 sic
1057 1122 1162 1178 mutila
1184 1121 1224 1178 ad
1244 1139 1300 1178 nos
1320 1121 1496 1197 pervenisse
1508 1122 1638 1199 putavit,
1653 1125 1774 1198 poetam
1795 1140 1871 1198 opus
1891 1122 2044 1196 integrum
2067 1118 2142 1176 dno

529 1225 627 1285 decim
648 1225 735 1285 libris
756 1226 922 1288 absolvisse
942 1229 1127 1287 existimavit
1142 1247 1279 1303 annoque
1298 1227 1364 1286 fere
1384 1227 1534 1286 LXXXV
1555 1235 1705 1286 mortuum
1725 1247 1792 1286 ease
1817 1227 1982 1286 contendit.
2003 1228 2142 1303 Denique

528 1333 646 1406 Petere,
669 1353 735 1392 cum
758 1353 863 1394 sersus
883 1336 900 1394 I
921 1335 975 1394 8-9
996 1336 1035 1394 ad
1048 1336 1150 1394 Petilii
1165 1336 1300 1396 Cerealis
1314 1338 1345 1394 in
1359 1336 1550 1394 Britanniam
1563 1336 1783 1413 expeditionem
1797 1337 1950 1413 pertinere
1963 1341 2142 1413 poetamquc

531 1462 609 1501 anno
630 1443 694 1501 sere
715 1442 850 1502 LXXIV
870 1445 1000 1521 primum
1021 1443 1131 1502 librum
1162 1446 1307 1502 recitasse
1324 1445 1472 1504 crederet.
1487 1464 1566 1502 auno
1579 1444 1729 1504 LXXXV
1743 1446 1792 1502 vel
1805 1443 1972 1502 LXXXVI
1985 1443 2142 1501 Valerium

531 1551 698 1610 decessisse
719 1550 909 1610 diiudicavit.
931 1551 1015 1626 Quas
1036 1571 1139 1612 omnes
1161 1554 1359 1627 coniecturas,
1381 1571 1448 1610 cum
1470 1551 1560 1611 valde
1588 1551 1715 1609 infirmis
1735 1553 1923 1629 argumentis
1942 1553 2087 1609 nitantur.
2110 1553 2141 1609 in

531 1659 629 1717 medio
651 1659 856 1736 relinquimus.

610 1764 703 1824 Haud
726 1766 821 1824 minor
842 1766 990 1826 dissensio
1011 1767 1050 1825 de
1070 1767 1185 1826 Valerii
1206 1767 1309 1826 Flacci
1330 1769 1430 1846 patria
1450 1769 1576 1826 exstitit.

611 1872 677 1932 Viri
700 1875 782 1934 docti
803 1877 852 1951 qui
874 1881 944 1936 ante
965 1875 1122 1936 Thilonem
1143 1876 1266 1934 Valerio
1280 1896 1385 1935 curam
1397 1895 1578 1956 operamque
1593 1877 1814 1954 impenderunt,
1828 1877 1912 1934 illum
1927 1875 2081 1933 Flaccum.
2093 1877 2141 1932 cui

530 1979 681 2038 Martialis
702 1981 790 2058 plura
810 1983 1029 2059 epigrammata
1050 1983 1213 2061 inscripsit.
1235 1988 1372 2041 nostrum
1393 1987 1514 2060 poetam
1534 1980 1629 2040 fuisse
1649 1982 1793 2040 arbitrati
1817 1992 1897 2040 sunt.
1925 1981 2075 2052 Quocirca
2101 1999 2139 2038 ex

530 2086 682 2145 Martialis
703 2088 720 2146 Ι
741 2091 789 2164 61,
812 2091 841 2162 4;
864 2089 950 2166 176,
972 2092 991 2148 2
1012 2091 1147 2168 plerique
1169 2089 1382 2172 [Scardeonius
1405 2092 1437 2160 ¹t,
1459 2090 1595 2149 Crinitus
1615 2092 1649 2153 ²).
1669 2089 1823 2164 Heinsius,
1844 2089 2040 2147 Burmannus
2070 2087 2140 2167 etc}

530 2194 650 2252 Patavii
671 2201 789 2271 poetam
810 2201 914 2254 nanim
935 2215 1002 2255 esse
1024 2196 1200 2270 docuerimt3
1222 2198 1330 2273 reliqui
1351 2203 1452 2256 autem
1466 2195 1662 2277 [Corradinus
1676 2198 1710 2273 1),
1725 2195 1902 2255 Borrichius
1914 2200 1949 2273 4),
1963 2195 2092 2254 Vossius
2106 2198 2140 2254 ⁵».

529 2305 555 2363 1.
578 2305 615 2362 A.
642 2306 780 2378 Wagner
800 2302 879 2386 atel,
902 2305 927 2362 si
948 2304 1036 2362 Pium
1057 2307 1241 2384 excipimus,
1261 2306 1313 2381 qui
1334 2306 1419 2364 nullo
1436 2306 1524 2382 gravi
1545 2310 1723 2382 argumento
1750 2305 1844 2374 uisus,
1865 2303 2022 2363 Valerium
2042 2303 2141 2362 civem

531 2435 686 2475 romanum
707 2413 802 2472 fuisse
824 2411 995 2472 affirmavit.
1016 2413 1251 2490 Pignoriumque
1276 2417 1310 2489 6),
1331 2415 1381 2488 qni
1403 2433 1468 2472 rem
1488 2414 1520 2470 in
1539 2411 1639 2471 medio
1658 2413 1798 2488 reliquit:
1821 2412 1864 2470 illi
1884 2412 2015 2487 quidem,
2043 2411 2142 2471 Setini

530 2522 708 2600 cognomine
728 2519 808 2596 freti,
830 2519 940 2590 Setiae,
964 2520 995 2577 in
1016 2520 1126 2598 oppido
1147 2519 1339 2598 Campaniae,
1359 2520 1514 2578 Valerium
1537 2525 1642 2577 natum
1661 2539 1737 2589 esse,
1759 2519 1879 2578 Patavii
1900 2538 1973 2576 vero
1994 2520 2074 2578 lares
2089 2519 2141 2577 ha-

533 2632 635 2692 buisse
656 2635 708 2688 aut
728 2627 888 2687 educatum
909 2646 976 2685 esse
997 2626 1178 2685 iudicarunt.

612 2738 673 2800 Sed
697 2759 764 2798 cum
786 2739 815 2796 in
837 2755 909 2795 suae
930 2736 1071 2794 editionis
1091 2737 1311 2814 prolegomenis
1332 2735 1420 2794 Thilo
1440 2736 1492 2794 illa
1512 2737 1664 2794 Martialis
1687 2737 1822 2795 carmina
1853 2737 1893 2794 ad
1914 2736 2069 2795 Valerium
2089 2756 2142 2794 ne

529 2855 627 2907 strum
648 2845 727 2912 nihil
742 2845 895 2923 pertinere
916 2843 1162 2912 demonstrasset,
1184 2842 1344 2902 Corradini
1360 2843 1523 2902 deValerii
1543 2844 1645 2920 patria
1658 2845 1863 2902 coniecturam
1875 2862 1981 2901 omnes
1994 2843 2076 2902 docti
2091 2863 2142 2921 po

529 2960 673 3018 steriores
694 2959 882 3033 receperunt,
904 2954 935 3012 in
957 2955 1139 3012 contrariam
1158 2958 1260 3011 tamen
1281 2954 1464 3012 seutentiam
1483 2957 1648 3031 praeeunte
1669 2950 1857 3024 Schenlrelio,
1878 2953 1930 3029 qui
1942 2960 2067 3031 propter
2087 2955 2142 3012 du-

531 3067 556 3125 ri
560 3065 696 3125 asculum
706 3061 826 3122 dicendi
836 3079 942 3139 genus,
954 3065 1074 3139 poetam
1088 3059 1197 3133 Setiae,
1214 3061 1245 3118 in
1260 3060 1370 3138 oppido
1383 3060 1552 3139 Hispaniae
1565 3060 1803 3119 Tarraconensis
1817 3061 1865 3118 vel
1877 3060 2023 3120 Baeticae
2036 3067 2142 3119 natum

531 3193 600 3233 esse
621 3172 749 3250 putavit.

611 3276 759 3352 Equidem
780 3281 915 3334 nostrum
935 3279 1055 3352 poetam
1076 3275 1227 3332 Martialis
1247 3275 1462 3334 consuetudine
1483 3293 1642 3348 numquam
1664 3293 1753 3333 usum
1773 3295 1840 3334 esse
1867 3278 1943 3334 satis
1963 3294 2142 3353 persuasum

531 3383 635 3460 habeo,
657 3381 712 3442 sed
733 3401 858 3460 prorsus
879 3383 939 3440 alia
958 3383 1074 3440 ratione
1097 3401 1132 3440 ac
1153 3381 1241 3440 Thilo
1262 3383 1287 3460 7)
1307 3381 1437 3460 probare
1456 3382 1537 3440 licet.

610 3490 838 3567 Epigrammata
859 3490 947 3563 enim,
970 3489 1130 3564 inquibus
1152 3489 1295 3548 Flaccum
1316 3489 1466 3565 quendam
1487 3489 1637 3548 Martialis
1667 3496 1822 3563 memorat,
1852 3490 1928 3549 haec
1951 3498 2031 3549 sunt:
2053 3491 2140 3553 157.

529 3599 577 3674 59,
601 3601 648 3656 61.
673 3599 720 3673 76,
744 3598 792 3670 98;
814 3597 860 3656 lv
881 3597 930 3670 42,
952 3597 1000 3670 49;
1022 3597 1085 3656 VII
1105 3598 1155 3670 82,
1176 3597 1226 3671 87;
1246 3597 1328 3656 VIII
1346 3599 1396 3669 45,
1418 3599 1466 3669 563
1488 3597 1537 3656 IX
1557 3599 1606 3674 33,
1628 3601 1677 3675 55,
1699 3599 1748 3671 903
1769 3599 1800 3656 X
1820 3599 1870 3656 48:
1892 3599 1942 3657 XI
1961 3599 2010 3661 27.
2026 3599 2075 3657 80.
2090 3600 2140 3657 95.

529 3703 579 3780 98,
604 3705 669 3778 100,
695 3703 768 3772 101;
792 3701 871 3773 ΧΠ,
895 3702 933 3760 74
955 3701 1012 3782 [ed.
1034 3703 1260 3762 Triedlaender.
1281 3703 1404 3782 Lipsiae
1427 3702 1524 3784 18861:
1547 3704 1602 3762 sed
1622 3704 1726 3764 Flacci
1753 3706 1854 3782 patria
1884 3704 2002 3764 duobus
2022 3712 2141 3764 tantum

530 3811 603 3870 locis
626 3810 785 3868 indicatur:

890 3941 905 3996 I
924 3943 967 3996 61.
1004 3943 1121 3998 Verona
1138 3944 1216 3998 docti
1235 3943 1362 4015 syllabas
1381 3952 1462 3998 amat
1480 3951 1557 3999 vatis

1002 4041 1121 4096 Marone
1140 4041 1212 4096 felix
1231 4041 1354 4096 Mantua
1372 4048 1426 4108 est,

935 4125 937 4130 ,
1000 4147 1134 4196 censetur
1151 4141 1256 4214 Apona
1273 4141 1360 4195 Livio
1379 4158 1432 4196 suo
1447 4141 1536 4196 tellus

1002 4239 1149 4310 Stellaque
1168 4256 1221 4294 nec
1238 4239 1342 4293 Flacco
1360 4243 1467 4293 minue.

890 4339 905 4394 1
924 4340 967 4394 76.
1004 4339 1029 4395 0
1047 4339 1119 4393 mihi
1139 4357 1275 4393 cutamm
1293 4344 1421 4411 pretinm
1439 4357 1498 4395 non
1515 4341 1573 4394 vile
1591 4359 1723 4396 mearum

998 4437 1107 4504 Flacca,
1128 4439 1288 4492 Antenorei
1307 4453 1373 4509 spes
1391 4445 1422 4492 et
1440 4438 1559 4492 alumne
1576 4439 1655 4493 laris.

604 4645 624 4714 ¹)
643 4643 694 4697 Cir
712 4644 754 4698 De
773 4643 843 4697 urbe
862 4642 976 4698 Patavii
996 4642 1086 4710 lib.1,
1106 4643 1189 4696 class.
1209 4642 1264 4711 III,
1283 4661 1309 4714 p.
1329 4643 1373 4696 55.

602 4743 624 4814 ⁶2)
643 4741 694 4796 efr
712 4743 755 4800 De
773 4747 867 4815 poetis
886 4742 987 4797 latinis
1006 4742 1055 4796 lib.
1074 4742 1125 4808 IV,
1145 4759 1206 4814 cap.
1226 4743 1270 4795 66.
2075 4795 2084 4804 ,

601 4842 622 4912 1)
643 4839 694 4895 Ofr
712 4841 755 4894 De
773 4844 894 4896 civitate
913 4849 943 4896 et
961 4841 1082 4895 ecclesia
1101 4841 1203 4894 Setina
1220 4857 1281 4912 cap.
1301 4840 1333 4908 I,
1352 4860 1379 4912 p.
1399 4841 1435 4910 7,
1454 4841 1565 4896 Itomae
1585 4843 1671 4912 17023
1690 4842 1735 4898 cfr
1762 4849 1852 4898 etiam
1872 4845 1916 4899 De
1936 4850 2029 4900 veteri
2055 4846 2143 4899 Latio

529 4943 600 4992 torn.
620 4937 658 5006 II,
677 4937 726 4990 lib.
746 4937 785 5001 ΙΙ,
804 4955 865 5010 cap.
885 4939 928 4991 23.
948 4937 1059 4992 Rornae
1079 4937 1157 4991 1705.

601 5035 623 5106 ⁴)
641 5035 677 5088 In
696 5036 855 5090 Bunnann.
875 5037 943 5090 edit.
963 5034 1150 5108 praefat-ione.
1171 5037 1279 5092 Leidne
1300 5037 1377 5092 1724.

602 5135 623 5203 ·”’)
643 5132 693 5188 Cir
712 5131 755 5187 De
775 5139 868 5205 poetis
887 5133 987 5188 latinis
1006 5151 1067 5206 cap.
1088 5133 1142 5188 III.

602 5235 623 5304 ὓ)
643 5233 694 5288 Cir
712 5233 755 5288 De
774 5233 937 5303 originibus
956 5233 1107 5288 Patavinis
1126 5253 1152 5306 p.
1175 5237 1235 5290 113.

602 5331 622 5402 7)
642 5331 722 5397 Quae
741 5337 819 5384 enim
838 5331 931 5400 Thilo,
951 5339 985 5386 ut
1003 5331 1168 5389 Scardeonii
1187 5340 1353 5406 opInionem
1372 5334 1526 5405 refelleret,
1547 5343 1576 5393 in
1595 5344 1656 5394 suis
1668 5341 1882 5412 prolegomenis
1894 5345 2042 5411 congessit.
2056 5339 2144 5410 paulo

528 5428 669 5482 debi1iora
688 5435 765 5482 sunt.
777 5427 874 5482 Facile
887 5429 1005 5499 quidem
1017 5430 1053 5484 de
1066 5430 1228 5484 rationibus
1240 5431 1332 5503 adep.
1346 5431 1361 5485 1
1374 5432 1409 5486 76
1421 5433 1553 5488 adductis
1566 5451 1633 5488 oum
1645 5453 1679 5490 eo
1692 5441 1849 5503 consentio,
1863 5436 1914 5491 sed
1927 5446 2143 5506 argumentum,

529 5525 606 5596 quod
626 5523 662 5578 ad
680 5543 724 5596 ep.
743 5524 786 5578 IV
804 5527 840 5580 49
859 5527 967 5592 attulit,
978 5527 1133 5581 admodum
1151 5527 1301 5582 infirmum
1320 5538 1379 5585 est:
1397 5548 1472 5602 qnae
1490 5531 1613 5602 denique
1632 5533 1669 5586 ad
1687 5550 1731 5604 ep.
1752 5533 1825 5587 VIII
1843 5535 1878 5587 56
1890 5534 2061 5606 disputarit,
2076 5551 2143 5588 cum

529 5623 603 5678 liber
620 5633 739 5680 octavus
759 5631 823 5696 post
842 5625 951 5680 Valerii
970 5633 1093 5680 mortem
1112 5627 1261 5683 confectus
1280 5634 1327 5697 sit,
1347 5630 1431 5702 plane
1449 5630 1561 5685 insulsa
1579 5632 1652 5685 milri
1672 5633 1816 5686 videntur.
