4867 6734
527 589 597 644 LVI
1073 586 1392 643 PROLEGOMENON
1408 587 1535 642 CAPVT
1554 586 1589 642 V.

614 741 675 800 Sed
695 741 769 801 haec
790 741 944 801 hactenus:
966 743 1069 818 quanti
1090 743 1169 800 euim
1190 741 1267 800 ratio
1287 740 1415 800 Petersii
1437 740 1577 800 habenda
1596 742 1637 798 sit
1657 742 1776 799 omnino
1796 741 1908 817 liquet!

611 849 813 909 Transeamus
831 851 893 908 iarn
914 850 953 908 ad
975 856 1153 928 argumenta
1173 869 1191 908 a
1211 849 1394 908 Summersio
1414 854 1445 908 et
1466 848 1609 927 Langeno
1630 850 1756 926 prolata.
1777 848 1868 908 Ratio
1899 849 2019 924 quidem
2047 870 2137 926 quam

530 955 684 1014 Summers
706 975 740 1014 ex
762 955 859 1016 Statio
880 959 1030 1018 imitatore
1050 956 1136 1017 duxit
1150 976 1259 1036 magno
1273 956 1313 1015 ad
1326 956 1568 1034 persuadendum
1582 963 1730 1015 momento
1743 975 1804 1015 non
1817 961 1872 1015 est.
1886 955 1916 1015 N
1917 975 1966 1014 am
1980 956 2007 1014 ai
2021 955 2137 1016 Statius

529 1081 695 1122 memorare
716 1065 860 1124 voluisset
878 1084 928 1124 res
950 1064 989 1123 ab
1009 1066 1194 1143 Argonautis
1215 1070 1327 1141 gestas,
1349 1084 1425 1141 quae
1447 1070 1582 1142 tempore
1603 1064 1786 1124 excederent
1805 1082 1842 1122 ea
1862 1082 1938 1140 quae
1958 1082 2038 1121 nunc
2055 1063 2138 1140 apud

530 1170 684 1229 Valerium
707 1173 907 1249 inveniuntur,
930 1172 968 1232 ab
989 1172 1148 1250 Apollonio
1168 1172 1346 1251 depromere
1367 1173 1532 1251 potuisset,
1555 1173 1639 1230 cuius
1659 1178 1766 1249 poema
1785 1171 1823 1230 iis
1843 1170 2030 1248 temporibus
2061 1173 2137 1232 satis

530 1283 612 1335 esset
630 1278 851 1356 pervulgatum.
873 1279 978 1355 Neque
992 1278 1129 1356 Langeni
1144 1283 1355 1356 argumentum
1369 1279 1474 1337 melius
1488 1297 1521 1336 se
1534 1277 1635 1337 habet.
1651 1276 1726 1337 Cum
1746 1279 1827 1336 enim
1847 1283 1911 1337 tam
1923 1297 2021 1356 pauca
2040 1299 2136 1356 eaque

530 1385 647 1442 incerta
669 1385 729 1442 sint
750 1403 825 1460 quae
847 1384 1019 1444 deValerii
1040 1386 1105 1444 vita
1127 1387 1343 1464 comperimus,
1365 1385 1553 1444 nullomodo
1575 1384 1741 1444 diiudicare
1765 1403 1923 1463 possumus
1955 1391 2056 1444 utrum
2076 1386 2134 1446 Va-

530 1492 622 1550 lerius
643 1511 763 1552 carmen
779 1512 865 1551 suum
880 1493 1052 1552 Domitiano
1072 1495 1238 1572 imperante
1252 1491 1414 1572 perfecerit
1428 1512 1530 1552 necne:
1545 1493 1601 1553 sed
1614 1499 1715 1552 tamen
1729 1494 1929 1553 concedamus
1944 1514 2003 1553 non
2016 1495 2137 1554 licuisse
2207 1538 2210 1541 -

529 1597 649 1656 Valerio
671 1616 745 1675 opus
766 1618 853 1657 suum
866 1600 956 1660 edere
977 1605 1048 1659 ante
1068 1600 1274 1660 Domitianum
1288 1602 1506 1678 imperatorem.
1528 1589 1633 1673 Quid?
1654 1599 1703 1658 An
1724 1600 1815 1658 etiam
1835 1599 1868 1659 id
1882 1599 2065 1658 credendum
2090 1606 2137 1658 est

529 1701 633 1762 landes
654 1707 750 1782 patris
771 1703 914 1764 fratrisve
935 1707 982 1765 sui
1003 1706 1208 1766 Domitianum
1228 1705 1390 1765 doliturum
1411 1703 1529 1764 fuisse?
1549 1705 1620 1764 Huc
1640 1705 1759 1764 accedit
1778 1706 1858 1781 quod
1872 1705 2021 1776 Valerius,
2043 1711 2077 1763 ut
2097 1721 2133 1761 ex

529 1808 682 1870 Iuvenalis
703 1813 872 1872 testimonio
892 1816 949 1872 viri
971 1813 1051 1873 docti
1072 1816 1279 1889 coniecerunt,
1299 1813 1433 1890 singulos
1454 1811 1563 1888 libros,
1588 1813 1677 1870 simul
1698 1832 1734 1871 ac
1753 1810 1938 1889 perfecerat,
1961 1812 1991 1870 in
2012 1809 2134 1888 publico

528 1917 686 1978 recitabat:
708 1939 797 1995 quam
816 1919 855 1980 ob
877 1941 940 1980 rem
960 1923 1151 2000 prooemium,
1173 1923 1204 1980 in
1225 1923 1335 1999 milgus
1355 1921 1415 1979 iam
1436 1921 1558 1998 editum,
1580 1928 1685 1999 postea
1698 1921 1862 1992 Valerium,
1883 1919 1965 1980 nulla
1985 1918 2136 1997 probabili

531 2045 632 2098 causa,
644 2033 878 2087 retractatorum
899 2029 992 2089 luisse
1013 2031 1063 2089 vix
1084 2029 1228 2090 credibile
1247 2036 1329 2107 puto.

612 2134 720 2210 ltaque
742 2137 881 2212 rationes,
903 2156 978 2213 quas
998 2138 1056 2196 viri
1078 2137 1158 2196 docti
1180 2136 1368 2196 adduxerunt
1388 2143 1423 2195 ut
1444 2136 1599 2196 Valerium
1628 2155 1749 2195 carmen
1779 2156 1866 2197 suum
1889 2155 1949 2195 non
1970 2135 2136 2196 absolvisse

531 2244 713 2316 evincerent,
735 2243 799 2304 sere
822 2265 924 2304 omnes
945 2244 1079 2304 infirmas
1099 2264 1165 2304 esse
1186 2246 1261 2304 satis
1282 2243 1486 2323 probavimus;
1508 2264 1603 2319 neque
1624 2263 1677 2303 eae
1697 2263 1772 2321 quas
1801 2248 1969 2321 recepimus
1990 2245 2136 2304 eiusmodi

531 2358 603 2411 sunt
616 2358 650 2411 ut
665 2354 764 2431 opinio
780 2352 816 2412 de
831 2353 945 2412 Valerii
959 2355 1090 2412 carmine
1105 2353 1231 2429 vulgata
1245 2352 1471 2430 complectenda
1483 2352 1632 2411 rideatur.
1647 2351 1762 2412 Contra
1775 2372 1834 2410 non
1847 2352 1930 2410 milla
1943 2360 2015 2411 sunt
2028 2351 2137 2429 quibus

534 2460 653 2520 Heinsii
676 2462 848 2520 coniectura
868 2459 1000 2520 fulcitur.
1020 2462 1120 2536 Atque
1143 2461 1172 2518 in
1195 2460 1300 2537 primis
1320 2477 1358 2517 ne
1378 2479 1471 2517 unum
1491 2457 1611 2535 quidem
1631 2477 1753 2518 versum
1774 2457 1945 2518 inchoatum
1959 2460 1990 2518 in
2004 2461 2136 2518 carmine

530 2566 692 2625 Valeriano
706 2567 880 2644 reperimus:
903 2586 978 2642 quae
1000 2586 1048 2625 res
1068 2566 1187 2624 maximi
1209 2570 1256 2624 est
1276 2566 1418 2624 momenti
1437 2571 1472 2623 ut
1490 2583 1566 2642 opus
1587 2565 1697 2625 iniuria
1716 2579 1884 2642 temporum
1904 2565 2030 2642 periisse
2052 2564 2133 2624 arbi-

530 2683 654 2736 tremur.
676 2675 787 2734 Aeneis
808 2675 888 2734 enim
909 2675 1023 2749 aliaque
1044 2679 1183 2752 poemata
1203 2671 1242 2732 ab
1264 2671 1436 2731 auctoribus
1456 2673 1589 2731 nondum
1609 2672 1757 2750 perpolita
1777 2691 1885 2732 verane
1905 2672 2061 2732 inchoatos
2081 2693 2131 2732 ex·

531 2781 636 2841 hibent
658 2781 739 2840 haud
760 2799 880 2859 paucos.
902 2779 1065 2838 Praeterea
1078 2778 1206 2848 codices
1224 2779 1275 2852 qui
1289 2778 1495 2854 Argonautica
1509 2777 1710 2848 tradiderunt,
1721 2795 1863 2836 versuum
1877 2777 1993 2838 ambitu
2007 2780 2134 2838 multum

527 2867 611 2949 inter
631 2911 663 2949 se
685 2887 840 2948 differunt:
861 2888 1027 2948 Vaticanus
1047 2886 1126 2944 enim
1148 2887 1177 2943 in
1200 2884 1282 2944 VIII
1300 2886 1370 2953 467,
1393 2885 1547 2943 Oarrionis
1577 2883 1654 2944 liber
1675 2885 1707 2943 in
1730 2883 1809 2943 VIII
1831 2886 1899 2961 105,
1928 2885 2134 2963 Sangallensis

531 2999 561 3056 in
583 2997 629 3056 IV
651 2996 710 3056 317
732 2996 831 3055 desiit.
853 2996 896 3055 Ut
918 2995 1011 3073 igitur
1024 2993 1142 3052 scribae
1157 2993 1208 3062 illi,
1224 2991 1333 3068 quibus
1348 2992 1501 3052 Carrionis
1522 2991 1655 3050 codicem
1676 2997 1708 3050 et
1728 2990 1956 3068 Sangallensem
1977 2991 2132 3067 debemus,

534 3114 630 3166 totum
646 3107 841 3184 archetypum
858 3123 980 3162 exarare
993 3103 1161 3173 noluerunt,
1177 3101 1249 3178 quid
1270 3101 1395 3179 impedit
1416 3120 1454 3159 ne
1474 3099 1615 3159 librarios
1636 3120 1760 3177 quoque,
1782 3101 1832 3177 qui
1853 3101 2034 3160 Vaticanum
2054 3109 2138 3162 tran·

533 3215 721 3292 scripserunt
742 3213 789 3272 vel
809 3213 1009 3288 neglegentia,
1032 3211 1079 3271 vel
1102 3210 1209 3286 taedio,
1232 3210 1278 3268 vel
1301 3210 1361 3267 alia
1382 3228 1474 3268 causa
1494 3229 1569 3288 opus
1589 3228 1648 3267 non
1673 3207 1839 3268 absolvisse
1862 3209 2066 3268 coniciamus?
2088 3212 2136 3269 Αιι

534 3343 592 3381 non
614 3321 712 3398 potuit
733 3319 929 3396 archetypum
958 3319 1056 3396 ipsum
1075 3317 1215 3376 Vaticani
1236 3318 1300 3375 sive
1321 3314 1512 3375 librariorum
1538 3315 1731 3392 neglegentia
1752 3316 1816 3376 sive
1836 3321 2006 3396 temporum
2033 3319 2138 3394 iniqui-

531 3437 594 3490 tate
616 3430 758 3490 extremis
779 3427 858 3488 soliis
879 3425 1036 3488 caruisse?
1058 3425 1175 3498 Quibus
1196 3425 1235 3484 de
1255 3427 1354 3485 causis
1368 3424 1488 3484 Heinsii
1501 3425 1689 3500 sententiam,
1704 3427 1841 3500 quamvis
1856 3427 2033 3486 certissimis
2047 3447 2137 3505 argu-

535 3539 645 3599 mentis
665 3537 788 3616 probari
809 3543 946 3613 nequeat,
967 3542 1067 3596 tamen
1088 3541 1123 3594 ut
1141 3536 1287 3613 potiorem
1310 3534 1514 3612 recipiendam
1533 3552 1600 3593 esse
1620 3532 1686 3591 sine
1700 3532 1762 3592 ulla
1775 3531 1963 3593 dubitatione
1984 3534 2135 3594 confirmo.

613 3643 700 3703 Haec
721 3642 813 3703 habui
826 3663 901 3720 quac
916 3643 954 3701 de
967 3643 1081 3702 Valerii
1101 3641 1204 3701 Flacci
1218 3643 1284 3700 vita
1297 3646 1329 3699 et
1344 3642 1476 3700 carmine
1489 3658 1544 3718 pro
1557 3645 1692 3717 tempore
1706 3637 1847 3698 dicerem.
1864 3638 1947 3716 Vale,
1962 3642 2003 3698 mi
2017 3639 2138 3712 Lector,

536 3759 565 3813 et
587 3770 684 3829 pauca
698 3733 929 3828 'typothetarum
950 3749 1033 3824 vitia,
1057 3767 1133 3824 quae
1153 3748 1349 3826 irrepserunt,
1371 3744 1501 3824 benigne
1521 3763 1639 3804 excusa.

677 3962 786 4034 Scripsi
805 3961 925 4034 Neapoli
945 3977 1044 4015 mense
1062 3959 1140 4014 Maio
1159 3957 1296 4014 MCMIV.

1801 4177 1835 4236 C.
1858 4176 2051 4238 Gnaaarauo.
