4867 6734
496 561 521 615 11
1024 557 1345 615 PROLEGOMENON
1362 559 1491 615 canr
1511 560 1546 615 V.

576 714 681 792 Itaque
696 720 874 792 argumenta
883 713 993 792 quibus
1007 715 1106 792 opinio
1116 715 1281 774 communis
1295 713 1419 774 fulcitur
1427 735 1516 792 quam
1526 715 1758 793 diligentissime
1768 717 1851 796 potui
1864 719 1986 796 exposui
1997 718 2107 776 omnia:

496 841 575 880 nunc
597 825 693 880 restat
713 826 746 881 ut
767 821 887 898 singula
907 839 975 880 esse
996 819 1113 880 infirma
1133 821 1316 880 evincamus.

578 925 675 1001 Quam
696 929 864 1006 opinionem
878 931 924 988 tot
939 924 1240 986 commentationibus
1260 926 1419 1004 probatam
1440 927 1637 1004 omnibusque
1650 927 1715 988 1616
1736 929 1811 988 viris
1831 929 1929 989 doctis
1951 938 2105 1008 receptam

496 1055 564 1094 eum
585 1036 689 1114 paucis
714 1041 831 1094 tanturn
854 1035 983 1113 pagelhs
1004 1039 1140 1095 evertere
1162 1034 1235 1094 mihi
1255 1035 1480 1113 proposuerim,
1503 1056 1645 1112 inagnum
1666 1037 1787 1114 quidem
1807 1036 1941 1097 laborem
1968 1039 2106 1117 suscepi:

496 1140 550 1200 sed
571 1141 642 1217 quin
657 1147 901 1218 argrnneuturum
922 1142 1079 1201 momentis
1095 1141 1193 1220 magis
1213 1150 1310 1218 quam
1324 1160 1448 1200 numero
1462 1141 1705 1202 adversariorum
1725 1141 1860 1203 futurum
1871 1145 1911 1203 sit
1928 1150 1962 1203 ut
1976 1145 2106 1205 lectores

497 1250 583 1326 aequi
604 1254 848 1309 commoveantur
868 1252 989 1310 minime
1011 1249 1125 1310 dubito.

577 1359 676 1433 Atque
697 1359 825 1436 primum
847 1359 968 1434 quidem
990 1358 1064 1417 duos
1085 1359 1150 1416 illos
1164 1359 1246 1418 locos
1259 1360 1367 1418 missos
1381 1357 1528 1418 iaciamus
1541 1359 1594 1446 ubi
1608 1365 1728 1438 poetam
1748 1360 1824 1420 duos
1837 1361 1972 1420 eiusdem
1985 1367 2108 1420 senten-

497 1467 557 1525 tiae
578 1485 685 1524 versus
699 1465 738 1524 ad
759 1465 930 1542 eligendum
951 1467 1086 1544 posuisse
1108 1467 1165 1524 viri
1186 1465 1268 1524 docti
1283 1471 1484 1543 putaverunt:
1505 1487 1576 1526 nam
1596 1467 1635 1526 de
1656 1467 1796 1528 versibus
1810 1467 1839 1525 V
1859 1469 1973 1527 56066
1995 1468 2108 1527 alteru-

496 1577 577 1630 trum
600 1569 638 1630 ab
653 1572 866 1649 interpolatore
887 1571 1016 1648 quodam
1038 1570 1175 1630 additum
1188 1590 1256 1630 esse
1269 1571 1324 1631 Ph.
1335 1571 1475 1651 Wagner
1486 1578 1568 1632 recte
1579 1575 1695 1639 statuit,
1716 1593 1824 1632 versus
1848 1579 1956 1650 autem,
1972 1574 2023 1650 qui
2036 1579 2107 1651 post

497 1678 562 1737 VII
582 1679 640 1736 201
663 1678 694 1735 in
714 1677 861 1737 Vaticano
883 1677 1003 1755 legitur,
1018 1676 1135 1736 librarii
1155 1675 1276 1752 quidem
1303 1678 1437 1737 incuriae
1457 1677 1637 1737 tribuendus
1658 1683 1714 1738 est.
1738 1677 1880 1738 Ceterum
1899 1680 1937 1737 iis
1957 1679 2031 1738 locis
2051 1698 2108 1757 per

497 1803 530 1842 se
551 1803 690 1862 magnam
706 1784 974 1861 argumentationis
999 1785 1061 1843 vim
1081 1784 1145 1860 ipse
1165 1782 1273 1842 Petere
1292 1803 1353 1842 non
1367 1783 1543 1844 vindicavit.
1566 1783 1768 1844 Transeamus
1789 1803 1870 1843 nune
1890 1783 1931 1842 ad
1951 1803 2002 1843 eos
2022 1783 2103 1842 locos

497 1893 549 1952 ubi
569 1898 659 1971 poeta
672 1890 731 1951 sibi
752 1911 810 1950 non
825 1891 995 1950 constitisse
1011 1891 1082 1950 viris
1097 1891 1194 1950 doctis
1216 1893 1300 1950 visus
1321 1898 1376 1950 est.
1392 1891 1459 1950 Non
1480 1892 1577 1951 nullos
1591 1912 1627 1950 ex
1640 1891 1688 1951 bis
1701 1893 1762 1952 iam
1775 1892 1830 1952 Ph.
1845 1893 1984 1969 Wagner
1998 1892 2107 1968 aliique

497 1999 609 2076 optime
618 1998 852 2076 explicaverunt,
874 1997 958 2056 velut
977 1997 1011 2056 Π
1023 1998 1081 2056 174
1096 1994 1161 2079 [Ph.
1175 1995 1337 2078 Wagner],
1353 1997 1405 2056 III
1419 1995 1556 2079 32811111.
1567 1996 1786 2080 Wagner]‚IlI
1798 1999 1856 2058 341
1870 1996 1935 2079 [Ph.
1948 1994 2107 2077 Wagner]‚

499 2106 545 2168 IV
559 2108 620 2166 200
639 2104 807 2188 [8611661111
830 2107 944 2182 reliqua
965 2111 1065 2164 autem
1087 2107 1231 2183 exempla,
1252 2126 1329 2182 quae
1349 2107 1407 2165 viri
1422 2106 1503 2166 docti
1517 2109 1693 2183 attulanmt,
1708 2106 1764 2166 hoc
1778 2106 1865 2166 modo
1880 2104 2108 2184 interpretanda

499 2215 647 2276 censeol
666 2214 706 2272 43
726 2213 841 2292 Phryxi
863 2213 986 2272 caedem
1007 2211 1086 2272 fictis
1106 2213 1210 2274 verbis
1223 2213 1326 2273 Pelias
1345 2214 1447 2276 Iasoni
1467 2217 1614 2288 narravit,
1635 2235 1693 2292 quo
1713 2215 1811 2292 magis
1832 2215 1965 2273 animum
1984 2214 2050 2272 eius
2068 2212 2108 2271 ad

499 2342 607 2383 munus
628 2297 851 2399 suscipiendum
872 2321 1019 2380 excitaret
1039 2327 1070 2380 et
1091 2322 1221 2398 quadam
1243 2321 1408 2381 honestatis
1422 2323 1523 2402 specie
1537 2324 1620 2382 iussa
1632 2322 1767 2382 crudelia
1787 2327 1914 2399 tegeret.
1934 2320 1952 2379 Ι
1972 2322 2029 2380 301
2046 2320 2109 2380 Do·

497 2432 614 2491 donaea
627 2447 754 2504 quercus
769 2430 928 2488 somnianti
943 2429 1044 2488 Iasoni
1057 2431 1145 2507 plura
1159 2429 1242 2507 dicit,
1258 2449 1403 2508 praesens
1417 2437 1517 2490 autem
1531 2430 1561 2488 V
1581 2432 1621 2490 011
1641 2449 1744 2490 661666
1758 2429 1900 2489 admonet
1919 2434 1954 2487 ut
1973 2428 2108 2504 Erginus

499 2555 607 2595 navem
621 2539 717 2611 regat:
733 2539 765 2592 at
778 2540 867 2612 poeta
881 2535 1038 2594 materiam
1052 2536 1179 2595 ornandi
1193 2540 1225 2595 et
1238 2536 1368 2613 augendi
1383 2537 1510 2615 cupidus
1524 2536 1602 2596 hanc
1615 2537 1793 2596 varietatem
1807 2535 1943 2595 consulto
1958 2531 2105 2592 adhibuit.

496 2643 544 2701 Ex
557 2641 591 2700 Π
614 2642 671 2700 185
694 2647 725 2699 61
745 2641 1104 2719 203661161661161111661
1119 2642 1264 2703 uberibus
1285 2642 1402 2703 ablatos
1422 2644 1639 2704 Lemniadibus
1652 2643 1747 2703 fuisse
1767 2644 1881 2702 elucet:
1901 2647 1990 2720 poeta
2003 2644 2104 2700 autem

498 2750 529 2807 in
549 2746 801 2825 praecedentibus
816 2746 956 2808 versibus
977 2747 1054 2806 dixit
1075 2751 1200 2808 maritos
1213 2769 1270 2828 per
1290 2750 1411 2826 longum
1432 2751 1575 2829 temporis
1589 2751 1721 2828 spatium
1735 2747 1774 2808 ab
1790 2749 1888 2807 insula
1907 2745 2028 2806 afuisse.
2044 2745 2106 2805 Sed

497 2854 569 2930 quid
590 2851 783 2912 mirandum?
803 2854 852 2912 An
874 2852 985 2913 bellum
1006 2873 1052 2914 ex.
1075 2875 1121 2930 gr.
1144 2855 1314 2932 quindecim
1336 2858 1481 2914 mensium
1512 2857 1635 2934 longum
1660 2857 1805 2934 appellari
1831 2853 1959 2930 nequit?
1983 2851 2105 2912 Nullam

497 2963 592 3040 igitur
611 2967 713 3021 extare
734 2980 855 3021 causam
874 2969 947 3041 puto
968 2962 1007 3022 ob
1029 2983 1117 3039 quam
1131 2970 1221 3042 poeta
1233 2963 1293 3023 sibi
1306 2983 1365 3023 non
1381 2966 1552 3024 constitisse
1572 2965 1721 3024 videatur.
1737 2964 1891 3024 Summers
1905 2961 2003 3021 locum
2019 2960 2108 3020 aliter

499 3071 710 3148 explicandum
726 3072 851 3146 censuit,
873 3072 928 3131 sed
939 3073 1028 3132 nimis
1043 3071 1212 3132 artificiose.
1228 3072 1263 3131 Π
1276 3073 1334 3131 381
1357 3073 1505 3133 Η6166166
1526 3081 1638 3152 sperat,
1659 3075 1742 3133 velut
1755 3073 1801 3131 IV
1816 3072 1875 3131 583
1889 3071 2031 3141 Phineus,
2042 3069 2108 3128 fore

497 3183 532 3238 ut
547 3178 685 3257 Cyaneae
707 3197 797 3256 rupes
818 3178 929 3237 sistant
943 3198 1001 3238 non
1027 3180 1057 3237 in
1078 3184 1235 3238 aeternum
1255 3180 1309 3238 sed
1331 3187 1475 3257 quantum
1489 3181 1564 3239 satis
1579 3181 1620 3240 sit
1633 3185 1667 3238 ut
1681 3181 1766 3256 Argo
1780 3181 1868 3238 navis
1881 3175 2104 3256 praetervehat:

498 3286 539 3344 nil
561 3285 654 3363 igitur
675 3283 843 3343 mirandum
864 3285 944 3360 quod
965 3291 1054 3363 poeta
1074 3285 1120 3344 IV
1143 3285 1202 3345 708
1224 3291 1255 3345 61
1269 3285 1349 3345 VIII
1372 3286 1430 3345 195
1450 3285 1644 3362 Argonautas
1665 3285 1816 3344 induxerit
1830 3285 1952 3361 ignaros
1966 3282 2105 3361 Cyaneas

499 3411 589 3470 rupes
611 3391 693 3450 Iovis
708 3392 861 3451 voluntate
889 3393 921 3450 in
943 3396 1120 3471 perpetuum
1141 3413 1208 3452 esse
1231 3395 1392 3453 revinctas.
1415 3392 1466 3450 ΠΙ
1486 3395 1543 3452 301
1559 3394 1656 3470 patris
1670 3411 1774 3452 necem
1788 3409 1823 3450 ex
1838 3397 1940 3451 vatum
1951 3388 2055 3449 verbis
2068 3407 2102 3446 se

498 3500 680 3579 comperisse
701 3500 791 3559 Iason
806 3501 857 3559 ait:
881 3505 986 3559 666116
1000 3519 1035 3558 ex
1050 3500 1083 3559 H
1098 3499 1114 3557 I
1128 3505 1158 3559 61
1171 3500 1236 3558 VH
1250 3502 1310 3559 494
1323 3500 1452 3559 Aesonis
1466 3499 1576 3559 excidii
1589 3499 1756 3576 complana
1767 3500 1905 3574 ignarum
1919 3495 2015 3556 fuisse
2031 3498 2107 3555 satis

497 3608 691 3686 intellegitur.
708 3607 769 3666 Sed
782 3606 856 3682 quid
877 3606 978 3666 obstat
992 3607 1148 3684 quominus
1169 3607 1309 3665 Iasonem
1322 3607 1420 3684 patris
1434 3605 1557 3665 16611616
1570 3606 1653 3665 66116
1666 3607 1809 3683 temporis
1821 3606 1940 3664 notione
1961 3604 2105 3664 didicisse

497 3714 702 3775 coniciamus?
723 3713 805 3772 Nam
825 3712 906 3790 apud
918 3717 1039 3772 veteres
1053 3713 1198 3771 vaticinia
1211 3710 1395 3789 perobscure
1409 3710 1474 3770 fieri
1488 3709 1635 3770 solebant.
1651 3711 1702 3771 Sic
1717 3711 1892 3789 epocando
1914 3712 2013 3770 omnia
2025 3717 2107 3771 recte

498 3825 578 3882 inter
598 3843 632 3882 se
648 3822 815 3882 cohaerent.
829 3821 856 3879 V
871 3821 930 3879 228
945 3821 1040 3880 vellus
1061 3821 1154 3880 Marti
1174 3840 1296 3880 sacrum
1316 3822 1347 3878 in
1362 3820 1488 3879 Hecatis
1503 3821 1569 3878 luco
1583 3818 1771 3895 servabatur,
1783 3820 1839 3879 sed
1851 3819 1905 3878 hoc
1920 3821 1984 3879 1666
1998 3821 2103 3880 ambra

498 3951 557 3990 non
580 3931 618 3990 ad
633 3931 741 4000 lucum,
754 3930 809 3988 sed
830 3929 868 3988 ad
891 3927 1038 4004 arborem,
1054 3947 1090 3987 611
1111 3948 1170 4004 qua
1183 3929 1280 3987 vallus
1293 3927 1455 4006 pendebat,
1468 3926 1660 3988 referendum
1674 3933 1729 4005 est,
1745 3949 1831 4005 quae,
1842 3934 1876 3986 ut
1890 3929 1995 4000 vellus,
2010 3928 2104 3987 Marti

497 4045 620 4099 sacrata
641 4043 726 4098 erat:
748 4037 795 4098 efr
814 4038 878 4097 VH
899 4039 967 4097 519.
980 4038 1140 4116 Hyrcanos
1161 4036 1207 4094 VI
1229 4037 1319 4095 7961
1342 4039 1400 4095 114
1420 4042 1509 4114 poeta
1523 4035 1647 4112 induxit,
1661 4057 1750 4112 quam
1771 4035 1810 4095 ob
1833 4056 1953 4096 causam
1975 4038 2102 4096 alterum

498 4149 595 4207 locum
617 4147 745 4224 Langen
767 4153 949 4224 innuptum,
966 4147 1097 4206 nondum
1119 4146 1158 4206 ab
1180 4154 1302 4206 auctore
1315 4147 1495 4224 perpolitum
1507 4145 1792 4205 Haereniudicavit:
1814 4145 1870 4204 sed
1890 4147 2103 4204 neutriassen·

498 4255 644 4314 tiendum.
669 4256 718 4313 An
739 4254 883 4315 audacius
912 4259 959 4312 est
980 4254 1115 4312 conicere
1135 4252 1291 4311 Valerium
1311 4253 1342 4310 in
1364 4252 1440 4311 duas
1462 4251 1542 4310 acies
1563 4252 1723 4330 Hyrcanos
1744 4251 1907 4311 divisisse?
1929 4251 2009 4311 idem
2024 4253 2104 4310 66116

499 4363 536 4422 de
552 4361 677 4422 Hiberis
703 4364 828 4438 aliisque
852 4361 995 4438 gentibus
1022 4360 1168 4420 accidisse
1183 4363 1304 4420 scimus.
1326 4362 1464 4437 Daraps,
1478 4361 1558 4438 quod
1572 4360 1618 4418 VI
1631 4361 1691 4419 572
1706 4361 1826 4436 legitur,
1842 4360 1997 4438 Wagnero
2011 4381 2104 4440 prop·

498 4475 545 4527 ter
566 4468 611 4528 VI
644 4471 682 4528 67
713 4475 886 4548 suspectum
906 4467 972 4544 fuit,
999 4488 1057 4544 qua
1081 4487 1114 4526 re
1136 4469 1231 4528 Datis
1252 4469 1278 4527 is
1298 4469 1443 4546 reposuit:
1468 4471 1573 4526 contra
1592 4467 1699 4526 Petere
1713 4466 1751 4526 de
1773 4465 1887 4525 Valerii
1907 4467 2100 4543 neglegentia

499 4575 654 4652 cogitavit.
665 4577 708 4634 At
729 4573 809 4652 fugit
829 4576 910 4633 viros
926 4575 1032 4633 doctos
1045 4573 1092 4633 his
1107 4574 1180 4632 loeis
1202 4593 1261 4632 non
1282 4593 1383 4635 unum.
1398 4574 1452 4632 6611
1464 4573 1539 4632 11666
1553 4573 1685 4650 Scythas
1699 4572 1834 4631 indicari:
1856 4590 1981 4648 prorsus
1996 4571 2100 4630 eodem

499 4683 586 4744 166116
606 4685 669 4762 ipse
690 4683 830 4742 Valerius
851 4682 1029 4754 nominibus,
1042 4701 1118 4758 quae
1138 4689 1209 4741 sunt
1230 4683 1346 4752 11116611,
1359 4684 1441 4751 Iron,
1457 4683 1585 4757 Hebrus,
1600 4681 1742 4741 Zateabis
1755 4701 1827 4740 usus
1838 4687 1894 4740 est.
1910 4678 2096 4740 GfrHeereu

500 4811 546 4870 op.
567 4792 638 4850 laud
670 4813 698 4869 p.
724 4794 770 4867 14,
793 4792 861 4850 adn.
884 4792 911 4850 2.
934 4791 981 4849 De
997 4789 1113 4849 Valerii
1134 4789 1285 4851 brevitate
1306 4790 1385 4850 VIII
1407 4791 1576 4849 2461211
1601 4791 1733 4866 cogitare
1755 4789 1848 4846 malo:
1879 4788 1938 4846 alia
1958 4786 2104 4847 eiusmodi

498 4901 634 4978 exempla
655 4919 691 4959 ex
713 4900 849 4978 Langeni
870 4899 1081 4958 commentario
1104 4899 1245 4974 colligere
1263 4917 1430 4976 possumus.
1446 4897 1526 4970 Quid
1547 4898 1675 4973 denique
1695 4898 1726 4954 in
1745 4896 1796 4954 III
1817 4897 1886 4967 492,
1898 4894 1927 4954 V
1947 4896 2017 4964 363,
2040 4893 2104 4954 VII

497 5007 559 5064 340
580 5006 733 5065 Summers
747 5004 909 5063 offenderit
930 5025 976 5063 me
998 5023 1055 5062 non
1072 5003 1250 5079 intellegere
1265 5006 1395 5082 ingenue
1414 5004 1565 5064 confiteor.
1587 5002 1732 5080 Namque,
1753 5009 1788 5061 ut
1810 5002 1848 5061 de
1868 5001 1920 5061 HI
1940 5003 2000 5060 492
2026 5010 2058 5061 61
2079 5000 2107 5059 V

499 5115 558 5171 265
579 5113 691 5188 loquar,
706 5119 832 5187 utroque
852 5112 917 5170 loco
938 5109 1042 5187 sugam
1063 5109 1175 5168 Persae
1201 5110 1342 5169 Valerius
1356 5111 1453 5188 magis
1467 5108 1659 5169 adumbravit
1678 5129 1768 5184 quam
1793 5109 1962 5185 descripsit:
1985 5127 2045 5183 qua
2066 5106 2105 5165 de

499 5239 591 5278 causa
611 5226 710 5278 utrum
733 5219 809 5278 alter
833 5219 915 5276 locus
930 5216 968 5276 ab
993 5219 1088 5276 altero
1105 5216 1267 5278 dissentiat
1287 5237 1382 5276 necne
1403 5217 1563 5276 diiudicari
1583 5217 1694 5292 nequit.
1716 5215 1835 5274 Deinde
1855 5215 1884 5273 V
1904 5215 1964 5274 363
1985 5215 2105 5274 Iasonis

498 5329 629 5406 speciem
649 5328 755 5386 eximie
776 5325 851 5384 Iuno
862 5325 1023 5384 exornavit
1039 5330 1072 5382 ut
1093 5325 1189 5401 primo
1204 5323 1311 5383 obtutu
1323 5324 1449 5382 Medeae
1471 5323 1602 5381 animum
1622 5330 1830 5382 commoveret:
1851 5321 1968 5381 sciebat
1981 5321 2101 5396 quidem

501 5432 558 5492 1166
577 5431 667 5492 fidem
692 5433 805 5490 Aeetae
826 5449 892 5490 6666
915 5428 1095 5506 instabilem,
1110 5431 1164 5489 6611
1186 5431 1293 5488 6161611
1313 5431 1451 5489 Iasonem
1471 5449 1527 5506 pro
1549 5428 1667 5488 Colchis
1688 5447 1824 5506 pugnare
1848 5433 1882 5486 ut
1909 5427 2019 5485 Medea
2040 5427 2106 5484 eius

500 5537 707 5597 fortitudinem
728 5539 889 5596 miraretur
910 5535 1068 5612 simulque,
1085 5534 1123 5594 ob
1144 5537 1241 5613 patris
1263 5537 1292 5594 in
1313 5535 1506 5609 Argonautas
1520 5534 1684 5609 nequitiam
1698 5533 1743 5590 ira
1763 5545 1793 5591 61
1808 5531 2014 5591 misericordia
2028 5550 2107 5590 com·
