4867 6734
875 743 1195 801 PROLEGOMENON
1215 745 1344 802 cAPvu
1362 745 1398 801 V.
1894 745 1936 800 LI

327 903 417 968 mete,
438 917 493 957 sue
508 897 586 957 dona
606 897 749 958 libentius
770 897 929 976 proferret.
943 897 1100 957 Postremo
1113 917 1158 974 ee,
1179 917 1256 975 quoe
1269 898 1308 956 65
1321 897 1457 976 Absyrto
1477 895 1573 958 fratre
1588 898 1747 957 admodum
1762 898 1936 958 565155555-

327 1005 390 1063 1515
412 1003 549 1066 V11340
570 1004 679 1064 Μ5655
699 1005 784 1076 dixit,
806 1023 863 1065 nec
885 1004 1046 1083 displicent
1059 1023 1155 1081 neque
1176 1024 1244 1064 cum
1266 1004 1345 1062 VIII
1359 1006 1419 1063 265
1431 1024 1513 1082 seqq.
1534 1011 1692 1084 pugnent:
1714 1004 1762 1065 cfr
1774 1005 1803 1064 V
1823 1007 1883 1064 457
1905 1010 1936 1065 51

327 1110 373 1172 VI
396 1114 461 1171 171.
484 1112 593 1172 1155151
614 1113 707 1192 igitur
727 1120 761 1172 ut
781 1113 820 1173 65
833 1112 880 1172 VI
900 1113 959 1172 507
981 1113 1152 1190 loquamur:
1174 1112 1231 1172 hoc
1247 1113 1313 1172 loco
1324 1112 1462 1172 Valerius
1483 1132 1586 1172 omnes
1605 1112 1738 1173 Hiberos
1759 1113 1870 1173 ecriter
1891 1112 1936 1173 di-

327 1222 473 1280 micantes
495 1219 620 1292 induxit,
636 1225 742 1280 contra
755 1239 790 1280 ex
804 1219 850 1278 VI
865 1220 926 1279 750
945 1237 1026 1296 seqq.
1049 1225 1175 1298 apperet
1194 1217 1335 1293 Hiberos,
1357 1239 1425 1278 cum
1445 1219 1574 1278 seriores
1594 1219 1634 1278 ed
1654 1239 1787 1298 pugnam
1807 1217 1936 1296 proiecti

327 1333 445 1400 essent,
467 1325 545 1388 bello
566 1329 685 1388 omnino
713 1329 855 1388 caruisse.
879 1326 976 1399 Quam
996 1327 1189 1402 varietatem,
1212 1345 1281 1385 cnm
1303 1325 1447 1385 audecius
1467 1327 1508 1384 eit
1528 1325 1566 1385 65
1601 1327 1771 1404 corruptela
1792 1327 1935 1404 cogitare,

328 1432 408 1491 nullo
429 1432 516 1492 modo
536 1435 685 1512 explicare
705 1451 827 1510 possum
847 1433 972 1510 ideoque
993 1432 1023 1490 in
1045 1432 1091 1490 hie
1111 1429 1252 1490 versibus
1272 1435 1392 1510 poetam
1422 1429 1482 1490 eibi
1515 1450 1575 1490 non
1608 1432 1780 1492 constitisse
1799 1431 1936 1492 Petereio

326 1542 482 1601 assentior.

409 1647 498 1708 Nune
512 1657 612 1710 autem
627 1649 665 1709 de
676 1650 792 1708 lacunis
805 1647 1013 1708 disserendum
1027 1655 1082 1724 eet,
1097 1666 1172 1723 ques
1187 1648 1245 1726 ipsi
1262 1652 1368 1725 poetae
1382 1646 1561 1707 tribuendae
1575 1649 1634 1708 viri
1648 1648 1730 1708 docti
1744 1654 1935 1728 putavenmt,

330 1755 347 1814 1
368 1757 428 1814 348
448 1755 603 1816 Velerium
622 1755 723 1815 155551
745 1755 828 1816 nulla
847 1753 942 1814 verba
963 1753 1083 1814 dedisse
1097 1757 1166 1831 post
1180 1753 1287 1830 longos
1300 1757 1462 1830 parentum
1476 1771 1630 1813 sermones
1643 1753 1796 1814 Summers
1810 1755 1937 1813 miratus

331 1863 488 1941 estquod
508 1883 568 1924 non
588 1862 692 1943 probe
713 1861 1022 1940 Nam1298,dnm
1045 1862 1137 1921 ceteri
1161 1859 1324 1932 dormiunt,
1348 1861 1438 1920 Iseon
1460 1881 1526 1920 cum
1556 1862 1733 1940 perentibus
1761 1862 1938 1938 colloquitur

329 1973 424 2047 iisqne
445 1973 588 2032 solacium
610 1971 745 2051 praebet;
767 1971 822 2030 sed
842 1970 899 2030 sub
922 1972 989 2050 ipsa
1008 1969 1194 2050 profectione
1209 1969 1282 2028 dum
1295 1969 1419 2047 Minyae
1433 1969 1493 2028 inm
1506 1971 1574 2029 vela
1587 1969 1732 2048 pandunt,
1747 1989 1842 2046 neque
1855 1971 1937 2046 quic·

329 2100 420 2158 quam
440 2082 499 2140 nisi
520 2080 612 2140 tubae
634 2081 749 2139 sonitus
770 2084 947 2158 expectetur
967 2099 1020 2140 eos
1041 2080 1152 2139 tacitus
1175 2079 1387 2157 amplectitur:
1408 2098 1465 2154 quo
1485 2079 1605 2138 silentio
1630 2078 1705 2138 nihil
1725 2081 1835 2151 verine,
1861 2079 1937 2138 nihil

330 2189 408 2248 duce
429 2188 570 2266 dignius!
591 2207 687 2265 neque
709 2189 796 2248 nliter
817 2187 855 2246 de
877 2187 911 2246 Π
932 2187 993 2248 408
1014 2187 1184 2263 dicendum,
1196 2176 1250 2246 ubi
1269 2207 1328 2245 non
1342 2186 1425 2246 nulle
1438 2186 1585 2246 excidisse
1599 2187 1753 2247 Summers
1765 2185 1936 2262 affirmavit,

331 2294 441 2372 quibus
461 2295 580 2355 Iasonis
600 2295 765 2374 Hypsipyli
786 2296 940 2374 responsio
956 2296 1168 2354 contineretur:
1193 2299 1276 2354 recte
1297 2295 1376 2354 enim
1391 2295 1470 2354 hunc
1484 2295 1581 2354 locum
1595 2295 1755 2372 explicavit
1767 2294 1935 2367 Harmand,

330 2401 418 2460 euius
439 2400 535 2460 verbs
556 2399 676 2460 adferre
697 2399 790 2460 libet:
817 2403 940 2480 «ipse...
964 2400 1061 2477 heros,
1083 2406 1147 2460 tota
1168 2406 1268 2460 mente
1281 2402 1400 2478 inopus
1425 2401 1574 2479 inceptum
1597 2398 1774 2460 incumbens
1787 2419 1843 2460 nec
1855 2402 1937 2477 quic·

332 2528 421 2585 quam
443 2510 502 2568 nisi
522 2509 611 2568 Ponti
635 2510 724 2569 litora
745 2515 775 2569 et
797 2529 919 2570 aureum
940 2511 1038 2570 vellus
1060 2516 1092 2569 et
1111 2516 1249 2570 recentes
1270 2511 1417 2569 sociorum
1438 2510 1586 2586 querellas
1601 2511 1632 2569 in
1646 2511 1745 2569 animo
1765 2529 1937 2588 551-55555

332 2635 422 2674 unum
444 2615 565 2693 quidem
588 2616 713 2679 verbum
736 2617 848 2677 emittit
860 2635 867 2690 ς
889 2618 1015 2694 gravius
1034 2616 1091 2676 hoc
1112 2635 1185 2676 sane
1199 2624 1231 2676 et
1243 2616 1373 2677 nobilius
1386 2622 1434 2676 eet
1449 2617 1602 2676 silentium
1614 2641 1641 2675 a.
1656 2617 1729 2676 Post
1742 2617 1776 2676 11
1789 2617 1850 2676 328
1863 2623 1937 2676 tem·

332 2724 414 2801 poris
436 2724 524 2802 culpa
538 2726 587 2784 vel
604 2723 795 2784 librariorum
821 2725 989 2802 complures
1010 2741 1117 2783 versus
1138 2722 1329 2784 intercidisse
1344 2742 1411 2783 cnm
1425 2721 1552 2782 'Philone
1567 2724 1691 2800 eliieque
1705 2725 1827 2784 conieci:
1842 2743 1937 2801 neque

331 2831 413 2890 enim
435 2831 523 2891 651511
547 2828 586 2912 [v.
609 2829 689 2912 3301,
712 2837 747 2889 ut
766 2830 905 2890 Koestlin
927 2829 1090 2906 contendit,
1116 2829 1155 2889 56
1175 2829 1326 2889 Venerem
1347 2827 1454 2916 referri
1475 2828 1670 2907 potesttlum
1685 2835 1786 2888 autem
1806 2848 1841 2889 55
1862 2849 1937 2907 quae

334 2943 403 3016 post
424 2958 454 2996 v.
474 2936 536 2996 328
558 2934 735 2994 excidenmt
754 2935 933 3008 nesciemus,
946 2933 1065 2993 Thiloni
1086 2935 1166 2994 nullo
1186 2934 1275 2994 modo
1294 2933 1406 2994 accedo
1426 2934 1564 2994 lecunam
1583 2940 1653 3012 post
1671 2934 1706 2994 11
1726 2936 1784 2995 331
1806 2937 1937 3015 ponenti.

335 3045 381 3104 IV
404 3045 465 3104 526
486 3051 518 3104 51
537 3043 583 3102 VI
604 3043 644 3102 38
668 3047 756 3121 polite
776 3042 920 3103 brevitati
941 3042 1067 3101 studens
1088 3043 1183 3101 artius
1205 3061 1270 3102 rem
1290 3042 1435 3102 conclusit
1456 3041 1873 3120 1151555511111595555515
1894 3045 1938 3104 61-

334 3151 424 3212 55561
448 3150 639 3212 eubeuditur.
660 3151 708 3209 De
728 3148 809 3235 vm
832 3150 889 3209 139
910 3149 984 3209 nihil
1005 3149 1092 3208 eddo:
1116 3149 1191 3210 bene
1211 3151 1292 3210 enim
1312 3148 1493 3209 sententiam
1514 3169 1618 3210 eorum
1631 3151 1682 3226 qui
1695 3156 1765 3230 poet
1778 3151 1858 3211 hunc
1871 3171 1938 3211 ver·

329 3279 395 3319 snm
419 3259 558 3319 lacunam
579 3263 751 3318 statuenmt
772 3259 831 3316 iem
852 3258 948 3318 Meier
969 3256 1089 3318 refellit.
1113 3257 1199 3317 Inter
1220 3257 1300 3317 VIII
1322 3258 1512 3317 17451175
1533 3276 1676 3318 conexum
1705 3258 1811 3318 deesse
1830 3259 1938 3318 Petere

330 3369 459 3444 5555511,
472 3365 528 3426 556
551 3385 658 3426 caueae
677 3383 737 3424 non
759 3366 868 3426 attulit:
890 3365 963 3425 mihi
983 3365 1103 3443 quidem
1125 3366 1182 3426 hoe
1206 3385 1323 3442 quoque
1336 3367 1401 3426 loco
1415 3373 1498 3426 recte
1513 3367 1704 3426 continuatae
1717 3374 1749 3426 et
1762 3368 1938 3427 5551555155

329 3491 379 3530 ree
395 3471 544 3532 videntur.
556 3471 661 3547 Neque
673 3490 744 3531 vero
752 3472 861 3532 melius
874 3491 907 3532 se
922 3471 1018 3533 hebet
1032 3473 1110 3532 retio
1125 3493 1160 3534 ex
1174 3473 1248 3532 locis
1263 3471 1449 3552 imperfectis
1460 3472 1562 3533 ductu
1570 3471 1658 3532 Haec
1670 3472 1791 3549 quidem
1804 3475 1939 3552 exemplu

332 3586 558 3658 praetereamus
580 3577 619 3639 ab
642 3579 708 3639 eliis
728 3580 788 3638 ium
808 3581 883 3639 55115
903 3581 1072 3659 explicata:
1095 3581 1111 3640 Ι
1135 3581 1194 3642 774
1218 3579 1284 3662 {Ph
1305 3578 1464 3661 Wagner],
1486 3579 1520 3638 11
1552 3580 1610 3639 170
1631 3578 1803 3662 [Langeu],
1824 3580 1858 3639 11
1880 3581 1938 3640 196

331 3685 494 3768 11555551,
516 3685 562 3744 IV
586 3686 645 3744 662
667 3681 822 3766 [11555555
844 3683 873 3743 V
893 3684 952 3742 649
974 3682 1039 3766 [Ph.
1060 3683 1218 3767 Wagner],
1241 3684 1287 3744 VI
1310 3683 1615 3768 23818amuelleon];
1637 3687 1752 3762 reliqua
1773 3692 1873 3746 autem
1893 3689 1938 3747 vi-

334 3796 475 3856 deamus:
497 3793 589 3852 1410
604 3793 679 3852 55115
694 3791 790 3850 eudes
811 3789 868 3850 hoc
891 3791 955 3850 loco
976 3797 1023 3850 est
1043 3792 1222 3869 asyndeton,
1242 3792 1298 3851 sed
1318 3791 1397 3867 quod
1419 3790 1500 3869 apud
1514 3790 1669 3851 Valerium
1690 3791 1813 3853 defendi
1832 3795 1937 3872 possit.

334 3903 352 3962 1
373 3905 432 3963 529
454 3902 589 3962 55555115
609 3905 700 3977 polite
712 3899 821 3957 Mertie
846 3902 878 3956 51
897 3897 1022 3957 1555515
1042 3904 1074 3958 51
1093 3897 1229 3958 Ρ5115615
1242 3899 1378 3976 querelas
1398 3895 1535 3958 breviter
1555 3901 1720 3979 expressit:
1742 3902 1821 3978 quod
1842 3903 1874 3960 ni
1894 3901 1937 3962 fe-

333 4012 426 4070 cisset
439 4009 556 4086 longior
570 4004 678 4065 fuisset
692 4023 845 4064 excursus.
860 4003 894 4062 11
908 4005 968 4064 316
981 4005 1080 4064 locum
1099 4005 1252 4083 plerisque
1272 4012 1446 4082 suspectum
1459 4006 1601 4082 verisque
1622 4011 1810 4086 temptatum,
1826 4013 1938 4088 partim

330 4139 368 4178 ex
389 4117 527 4178 codicum
550 4115 738 4190 auctoritete,
762 4114 874 4190 partim
895 4131 932 4171 ex
953 4114 1087 4172 virorum
1108 4111 1265 4172 doctorum
1288 4114 1461 4172 coniectura
1473 4115 1584 4191 optime
1604 4116 1742 4175 restitui:
1767 4118 1850 4177 nulla
1870 4118 1938 4178 1655

331 4235 379 4286 551
400 4245 492 4286 causa
513 4223 592 4301 quod
613 4222 651 4282 de
673 4221 787 4282 Valerii
809 4221 1002 4282 festinatione
1024 4223 1199 4298 cogitemus.
1222 4220 1255 4279 Π
1270 4221 1331 4280 480
1350 4223 1439 4282 nimie
1460 4222 1622 4284 artificiose
1643 4243 1705 4283 rem
1727 4226 1792 4302 egit
1810 4225 1937 4304 Langen

335 4341 368 4395 ut
390 4337 488 4395 locum
509 4353 577 4393 esee
599 4331 809 4411 imperfectum
830 4332 991 4390 evinceret.
1007 4329 1147 4388 Valerius
1168 4331 1248 4389 enim
1268 4351 1297 4389 v.
1318 4331 1378 4390 483
1399 4332 1536 4410 enallage
1549 4334 1667 4391 numeri
1689 4353 1761 4394 neue
1781 4342 1837 4412 est,
1858 4338 1938 4412 quod

337 4444 396 4502 iem
417 4439 560 4516 Gebbing
581 4439 697 4498 statuit.
719 4437 865 4515 111311,
887 4438 913 4495 51
934 4457 962 4496 v.
984 4437 1044 4495 273
1071 4442 1142 4514 post
1162 4457 1191 4496 v.
1214 4437 1275 4496 310
1294 4439 1526 4516 transponimus,
1542 4443 1577 4498 ut
1597 4437 1685 4498 Thilo
1707 4443 1842 4514 coniecit,
1864 4445 1938 4504 nulli

334 4548 498 4627 suspicioni
518 4543 626 4605 obvius
648 4549 713 4603 cet:
734 4561 862 4620 namque
883 4542 923 4601 56
942 4561 1048 4602 verum
1068 4543 1187 4602 insonis
1208 4550 1335 4602 mortem
1355 4544 1444 4604 emici
1458 4547 1621 4605 maerentis
1642 4565 1749 4607 sensus
1769 4550 1886 4611 nobiles
1907 4557 1938 4610 51

332 4657 433 4714 luctus
453 4653 558 4731 plenos
578 4655 668 4730 putta
687 4651 842 4728 expressit
858 4649 886 4707 V
900 4651 969 4708 308:
991 4655 1084 4708 totam
1104 4651 1356 4728 comparationem
1377 4671 1413 4710 ex
1433 4651 1523 4710 Hom.
1545 4651 1587 4710 H.
1609 4653 1641 4712 X
1663 4654 1682 4712 3
1703 4673 1785 4731 seqq.
1797 4655 1939 4716 Valerius

336 4759 474 4838 sumpsit,
496 4756 552 4816 sed
571 4755 642 4816 huie
661 4757 763 4816 versui
782 4754 855 4814 nihil
877 4756 908 4814 in
928 4755 1060 4814 Homero
1080 4755 1251 4834 respondet,
1273 4777 1333 4832 que
1353 4777 1387 4816 re
1400 4756 1565 4836 Wegnero,
1589 4757 1777 4834 Schenkelio,
1800 4762 1867 4821 aliis
1888 4781 1937 4821 eu-

333 4872 457 4946 epectue
472 4864 584 4925 suited
599 4865 745 4942 eliamque
760 4864 852 4923 totius
866 4864 922 4923 loci
937 4863 1211 4942 conformationem,
1228 4884 1317 4940 quam
1330 4871 1420 4944 polita
1439 4866 1471 4924 in
1492 4868 1591 4926 enimc
1613 4867 1772 4941 habuerat,
1786 4873 1939 4950 pertinere

328 4979 421 5039 visus
437 4980 499 5035 eet:
525 4973 673 5031 immerito
687 4977 796 5047 temen,
810 4989 877 5030 mee
889 4970 1009 5047 quidem
1024 4973 1183 5045 sententia,
1206 4973 1237 5030 in
1258 4971 1316 5032 hoc
1335 4991 1426 5032 versu
1447 4973 1599 5034 haeretur.
1614 4976 1754 5037 Valerius
1774 4982 1863 5059 onim,
1885 5001 1940 5042 suo

35 5103 37 5210 Ι
321 5089 456 5164 ingenio
478 5082 653 5158 obsequens,
676 5081 755 5158 quod
776 5085 929 5139 mutuatus
949 5084 995 5139 est
1015 5099 1123 5140 ornere
1143 5083 1174 5138 et
1196 5079 1379 5158 amplificare
1394 5081 1478 5140 solet.
1500 5080 1530 5138 V
1544 5083 1605 5142 690
1626 5084 1795 5162 asyndeton
1815 5096 1940 5168 propter

322 5191 450 5252 Valerii
472 5190 581 5250 durum
602 5187 722 5249 dicendi
742 5207 839 5264 genus
858 5187 915 5246 hoc
934 5188 1000 5246 loco
1020 5206 1135 5264 quoque
1149 5189 1287 5247 excusari
1300 5193 1409 5265 potest.
1424 5188 1597 5250 1‘131-32:
1619 5210 1726 5252 vorens
1748 5213 1767 5252 e
1786 5196 1938 5273 plerisque

312 5319 427 5381 prave
449 5297 606 5370 immutati3
627 5315 682 5354 noe
703 5300 812 5367 eutem,
833 5293 1005 5353 Delemallii
1025 5294 1251 5372 explicationem
1273 5295 1378 5369 secuti,
1405 5295 1541 5355 codicum
1562 5297 1720 5359 lectionem
1741 5305 1938 5364 restituimus.

308 5408 414 5471 Nihil
428 5426 499 5466 vero
517 5411 564 5464 est
578 5425 632 5464 cur
646 5405 677 5462 in
693 5403 751 5461 illis
766 5401 906 5462 versibus
926 5399 1124 5478 offendemus,
1138 5402 1227 5460 immo
1247 5407 1338 5480 poete
1357 5401 1528 5462 laudandus
1543 5404 1614 5464 mihi
1629 5405 1758 5480 videtur,
1775 5413 1826 5486 qui
1840 5414 1938 5491 splen-

312 5513 417 5577 didis
434 5511 612 5586 aeribusque
627 5508 776 5570 coloribus
791 5508 921 5567 Martem
935 5527 1053 5586 pugnes
1067 5506 1177 5584 ubique
1191 5509 1371 5567 excitantem
1385 5508 1566 5587 depinxerit.
1577 5511 1640 5573 VH
1654 5516 1693 5572 57
1709 5515 1796 5575 deest
1808 5537 1939 5578 conexus

308 5641 403 5685 eum
419 5637 498 5678 vers.
521 5637 621 5698 praec.
636 5625 667 5676 et
680 5636 771 5693 seqq:
793 5615 847 5676 sed
869 5615 936 5694 ipse
955 5616 1170 5675 sententiarum
1181 5614 1408 5694 perturbatione
1423 5617 1554 5676 enimum
1569 5618 1683 5680 Aeetae
1698 5623 1743 5682 ire
1759 5633 1939 5686 commotum

304 5729 473 5794 Valerius
495 5732 565 5806 apte
586 5725 777 5805 significavit.
798 5723 940 5783 1711572
962 5729 996 5781 51
1016 5723 1183 5782 5551551155
1205 5723 1252 5782 vie
1272 5724 1370 5801 magis
1391 5731 1539 5800 augeatur
1559 5727 1640 5787 idem
1657 5727 1774 5792 duobus
1799 5731 1939 5794 versibus
