4867 6734
833 581 1152 637 PROLEGCMENON
1177 581 1304 638 CAPVT
1323 584 1362 638 ll.
1823 587 1913 642 XVII

384 737 467 810 Quae
483 739 616 798 carmina
630 739 669 796 ad
682 739 827 798 Flaccum
840 739 968 798 eundem
981 740 1133 816 pertinere
1147 759 1182 797 ex
1197 741 1296 818 patria
1317 741 1466 799 Patavina
1481 743 1511 799 in
1531 746 1656 817 utroque
1678 748 1911 801 commemorata

304 851 385 903 recte
407 844 578 921 colligitur:
601 845 640 903 ad
662 845 815 904 Valerium
837 851 972 904 nostrum
993 851 1095 904 autem
1115 866 1173 904 non
1195 865 1262 905 esse
1283 847 1442 906 referenda
1456 867 1514 924 quo
1533 847 1687 926 probetur,
1708 869 1800 908 uuum
1822 870 1913 926 argu-

302 957 444 1022 mentum,
468 952 524 1010 sed
544 951 746 1012 certissimum
766 954 797 1010 in
817 957 959 1029 promptu
980 959 1036 1011 est.
1058 953 1260 1012 Transeamus
1280 955 1359 1012 enim
1381 953 1480 1032 adep.
1495 954 1544 1013 IX
1564 957 1612 1030 55,
1635 955 1665 1014 X
1686 957 1742 1014 48:
1765 957 1796 1014 in
1816 956 1872 1016 hoc
1889 957 1911 1033 ¹)

304 1058 456 1118 Martialis
477 1059 629 1136 Flaccum,
653 1060 787 1137 Stellam,
810 1061 883 1119 alios
898 1061 936 1120 ad
951 1080 984 1120 se
1005 1067 1102 1127 vocat,
1124 1063 1155 1120 in
1177 1063 1226 1121 illo
1240 1065 1265 1140 2)
1278 1069 1379 1121 autem
1392 1063 1502 1122 Flacco
1517 1063 1687 1140 Stellaeque
1707 1064 1821 1139 turdos,
1837 1083 1912 1140 quos

302 1167 339 1224 iis
360 1169 523 1245 paraverit,
546 1187 579 1226 se
602 1168 782 1228 donaturum
802 1175 903 1245 negat.
927 1169 1067 1229 Carmina
1088 1171 1182 1246 igitur
1202 1171 1219 1228 Ι
1240 1171 1287 1246 76,
1309 1171 1358 1230 ΙΧ
1378 1174 1426 1237 57),
1449 1171 1480 1230 X
1494 1171 1535 1230 48
1549 1172 1589 1230 ad
1609 1172 1737 1230 eundem
1757 1172 1911 1244 Flaccum,

304 1274 416 1334 Stellae
438 1295 473 1334 ac
494 1275 645 1334 Martialis
665 1273 939 1352 familiarissimum,
962 1278 1032 1353 quin
1054 1276 1226 1336 reserantur
1249 1279 1371 1336 minime
1399 1278 1522 1338 dubito:
1544 1298 1613 1337 cum
1640 1285 1740 1338 autem
1760 1279 1911 1338 Martialis

302 1380 412 1440 lihmm
431 1401 541 1440 nonum
564 1383 770 1458 decimamque
791 1389 861 1460 post
880 1383 994 1444 Valerii
1015 1391 1143 1444 mortem
1164 1387 1373 1464 composuerit,
1384 1387 1528 1446 Flaccum
1542 1388 1634 1459 illum,
1644 1389 1694 1464 qui
1709 1388 1740 1446 iu
1754 1406 1800 1465 ep,
1822 1386 1839 1444 I
1860 1389 1911 1459 61,

303 1487 360 1558 763
383 1487 431 1546 IX
453 1489 512 1559 553
535 1487 565 1545 X
586 1487 626 1544 48
646 1493 846 1550 memoratur.
869 1507 935 1548 cum
957 1496 1045 1568 poeta
1067 1497 1169 1550 nostro
1196 1491 1269 1550 nihil
1299 1511 1453 1550 commune
1475 1490 1615 1551 habuisse
1642 1493 1731 1569 plane
1752 1499 1911 1551 consenta-

306 1615 394 1656 neum
417 1603 473 1656 est.
1905 1578 1910 1591 ⁴

384 1706 499 1783 Itaque,
512 1707 538 1765 si
553 1707 664 1764 nullum
680 1705 718 1766 de
731 1706 845 1766 Valerii
866 1709 965 1786 patria
986 1709 1188 1768 testimonium
1210 1709 1291 1787 apud
1311 1711 1484 1768 Martialem
1505 1709 1637 1786 reperire
1649 1727 1815 1785 possumus,
1831 1707 1910 1766 Cor-

308 1813 405 1874 radini
426 1815 577 1874 sententia
597 1815 672 1874 satis
693 1814 859 1892 probabilis
880 1817 1082 1876 existimanda
1102 1824 1157 1876 est.

382 1919 511 1994 Reliqua
531 1939 603 1978 vero
624 1920 774 1980 Martialis
796 1924 930 1982 carmina
950 1929 1050 1982 utrum
1072 1925 1111 1982 ad
1131 1924 1259 1982 eundem
1279 1924 1423 1982 Flaccum
1450 1921 1608 1982 referenda
1629 1923 1691 1980 sint
1717 1941 1811 1980 necne
1833 1920 1910 1979 diiu-

300 2027 404 2086 dicare
427 2047 485 2085 non
508 2027 611 2098 audeo,
627 2047 662 2085 ex
683 2027 791 2105 quibus
806 2034 915 2093 tamen.
930 2031 956 2088 si
971 2029 1049 2089 forte
1070 2031 1108 2089 ad
1129 2036 1266 2090 nostrum
1286 2036 1406 2108 poetam
1425 2031 1605 2108 pertineant,
1627 2027 1701 2086 nihil
1722 2027 1804 2086 aliud
1819 2047 1907 2101 quam

299 2135 455 2193 Valerium
476 2135 658 2194 Amazonico
679 2155 772 2212 puero
793 2135 881 2194 valde
904 2136 1084 2195 delectatum
1103 2155 1170 2197 esse
1184 2137 1217 2214 ³),
1240 2138 1357 2196 discere
1377 2155 1545 2214 possumus.

383 2241 467 2314 Quae
490 2243 584 2318 igitur
598 2242 636 2300 de
650 2241 763 2301 Valerii
784 2249 892 2314 aetate,
914 2244 986 2319 loco,
1002 2243 1143 2320 moribus,
1165 2245 1342 2320 singillatim
1356 2263 1391 2303 ac
1406 2243 1557 2318 distincte,
1572 2243 1723 2301 Martialis
1738 2242 1909 2300 testimonio

300 2349 380 2420 freti,
402 2350 460 2408 viri
484 2347 564 2408 docti
586 2355 802 2424 congesserunt
822 2351 902 2408 omui
924 2368 996 2409 sane
1024 2351 1202 2410 auctoritate
1230 2355 1352 2410 carent:
1374 2349 1449 2408 nihil
1470 2347 1551 2407 aliud
1579 2348 1659 2406 euim
1685 2348 1744 2406 nisi
1771 2353 1908 2406 nostrum

299 2463 418 2534 poetam
438 2475 473 2514 ex
494 2455 741 2532 quindecimviris
761 2457 857 2516 sacris
876 2454 1027 2515 faciundis
1047 2455 1141 2515 fuisse
1163 2454 1208 2538 [ex
1228 2457 1305 2533 Arg.
1326 2456 1343 2514 Ι
1364 2454 1427 2536 5-7]
1446 2449 1632 2532 compertum'
1652 2452 1806 2512 habemus.

379 2564 494 2640 Itaque,
517 2571 569 2638 ut,
591 2582 667 2638 quae
688 2563 726 2623 dc
747 2561 861 2622 Valerii
882 2565 947 2622 vita
968 2564 1131 2623 constituta
1151 2565 1232 2640 sint,
1254 2562 1391 2623 breviter
1411 2564 1594 2641 amplectar,
1623 2568 1712 2640 poeta
1733 2561 1764 2621 C.
1793 2559 1909 2621 Valerii

300 2672 404 2733 Flacci
427 2671 520 2732 Balbi
542 2671 637 2732 Setini
658 2671 777 2729 nomina
797 2668 926 2730 fortasse
948 2670 1070 2737 habuit;
1092 2671 1201 2747 Setiae,
1225 2673 1256 2730 in
1282 2670 1358 2730 urbe
1378 2671 1570 2749 Campaniae,
1592 2669 1797 2728 verisimiliter
1816 2672 1909 2726 natus

299 2787 362 2852 est;
385 2797 420 2838 ex
441 2777 688 2855 quindecimviris
709 2777 781 2850 fuit:
797 2779 878 2836 intra
891 2797 984 2837 armos
997 2777 1134 2837 LXXIX
1147 2784 1178 2837 et
1192 2777 1248 2837 XC
1262 2784 1331 2856 post
1345 2777 1498 2837 Christum
1518 2783 1622 2835 natum
1644 2776 1804 2834 immature
1820 2772 1907 2831 obiit.

964 3101 1145 3178 CAPVT
1172 3103 1242 3177 Hi.

381 3315 458 3374 Tres
480 3321 551 3374 sunt
571 3313 690 3373 codices
705 3333 779 3390 quos
793 3315 851 3372 viri
863 3314 943 3373 docti
958 3313 997 3372 ad
1007 3314 1121 3373 Valerii
1135 3314 1239 3373 Flacci
1259 3319 1373 3372 textum
1386 3312 1629 3372 constituendum
1642 3313 1803 3390 praecipue
1821 3309 1908 3369 adhi-

299 3420 446 3480 huerunt:
469 3421 636 3480 Vaticanus
657 3419 736 3480 3277
758 3417 828 3501 [V],
850 3420 1057 3498 Sangallensis
1080 3417 1133 3500 [S],
1156 3419 1311 3478 Carrionis
1331 3418 1408 3476 liber
1429 3416 1484 3500 [Ol.
1510 3417 1556 3476 Ex
1581 3418 1627 3475 his
1647 3417 1814 3476 Vaticanus
1836 3422 1905 3475 tan-

299 3533 363 3588 tum
384 3529 414 3586 in
435 3533 539 3587 nostra
559 3527 680 3586 saecula
700 3527 847 3604 pervenit,
869 3527 924 3585 sed
945 3526 1171 3604 Sangallensem
1192 3545 1227 3583 ex
1241 3527 1306 3585 eius
1321 3525 1503 3604 apographis
1518 3531 1550 3584 et
1565 3525 1718 3585 Carrionis
1738 3523 1850 3583 librum
1871 3543 1907 3583 ex

299 3635 421 3695 scholiis
443 3633 753 3712 castigationibusque
773 3635 803 3692 in
824 3632 1005 3692 editionibus
1026 3633 1226 3692 Plautinianis
1246 3633 1340 3691 textui
1362 3631 1488 3691 adiectis
1503 3631 1640 3709 cognitos
1655 3632 1729 3689 satis
1751 3628 1906 3688 habemus.

301 3743 382 3816 Quos
401 3744 520 3802 codices
540 3741 788 3818 quemadmodum
811 3763 861 3801 ars
881 3743 987 3800 critica
1008 3740 1152 3801 adhibere
1173 3713 1267 3819 possit
1290 3748 1321 3799 ut
1343 3740 1521 3819 prohemus,
1545 3740 1582 3799 de
1603 3760 1704 3799 eorum
1731 3739 1904 3798 condicione

303 3850 390 3910 nobis
412 3849 619 3910 disserendum
641 3855 712 3908 est:

382 3958 548 4017 Vaticanus
569 3957 658 4030 3277,
680 3954 935 4032 membranaceus,
957 3957 1076 4014 saeculo
1097 3975 1175 4014 nono
1195 3956 1336 4033 scriptus,
1352 3956 1482 4014 omnium
1503 3954 1619 4014 Valerii
1642 3955 1745 4014 Flacci
1766 3954 1903 4013 codicum

304 4064 528 4141 antiquissimus
549 4069 605 4122 est.
627 4062 673 4120 Ex
694 4063 816 4122 ultimae
837 4037 1016 4122 Germaniae
1043 4062 1185 4122 coenobio
1206 4062 1334 4138 quodam
1354 4063 1481 4121 Romam
1502 4062 1533 4120 in
1554 4062 1655 4121 Fulvii
1669 4062 1775 4122 Ursini
1797 4060 1906 4120 biblic-

301 4173 420 4232 thecam
434 4172 504 4230 olim
520 4171 637 4242 allatus,
653 4175 758 4248 postea
771 4170 802 4228 in
816 4168 995 4228 Vaticanam
1018 4169 1119 4228 venit:
1144 4188 1221 4228 anno
1243 4169 1321 4227 1797
1343 4189 1361 4226 a
1380 4169 1589 4246 Franccgallis
1610 4174 1776 4245 surreptus,
1798 4165 1906 4225 biblio-

305 4279 410 4338 thecae
431 4278 594 4338 Parisiensi
616 4277 798 4354 aliquamdiu
819 4276 886 4346 fuit,
907 4276 988 4336 unde
1001 4277 1167 4336 Vaticanae
1181 4278 1341 4335 restitutus
1354 4281 1410 4334 est.
1424 4276 1474 4334 Ad
1495 4277 1702 4352 Argonautica
1720 4275 1905 4334 recensenda

302 4389 385 4463 Pius,
397 4387 549 4464 Heinsius,
561 4386 728 4446 Delamalle
743 4404 811 4444 eum
825 4383 1034 4447 adhibuerunt,
1050 4383 1158 4443 deinde
1172 4383 1259 4443 Thilo
1281 4384 1393 4443 (adicis
1413 4384 1544 4461 speciem
1565 4389 1720 4442 externam
1741 4383 1903 4463 descripsit

300 4513 462 4570 crucesque
484 4495 628 4554 lectiones
648 4493 810 4570 diligenter
831 4491 995 4550 adnotavit.

381 4603 551 4677 Antequam
566 4600 604 4658 dc
614 4599 755 4658 Vaticani
769 4597 882 4656 codicis
896 4598 1069 4658 condicione
1082 4598 1258 4674 singillatim
1274 4599 1352 4673 loqui
1368 4598 1530 4671 instituam
1546 4598 1618 4656 mihi
1632 4598 1828 4676 repetendum
1844 4605 1902 4658 est.

299 4707 378 4784 quod
400 4693 492 4786 su'pra
513 4707 585 4778 dixi,
608 4725 673 4764 earm
695 4708 818 4782 reliquis
833 4707 1058 4782 Argonauticon
1073 4704 1228 4765 codicibus
1243 4709 1395 4763 vetustate
1409 4705 1498 4763 valde
1518 4711 1683 4782 praestare.
1699 4705 1769 4764 Huc
1783 4707 1899 4765 accedit

299 4815 379 4892 (quod
401 4815 518 4875 librarii
540 4813 661 4882 indocti,
684 4813 734 4889 qui
754 4811 937 4870 Vaticanum
958 4817 1126 4870 exararunt.
1142 4810 1180 4870 ab
1196 4809 1476 4888 interpolationibus
1496 4813 1615 4871 omnino
1629 4831 1663 4872 se
1677 4812 1897 4872 abstinuerunt:

374 5004 394 5072 ¹)
413 5021 441 5056 v.
461 5003 486 5056 5.
506 5001 605 5065 Stella,
625 5000 728 5072 Nepae,
748 4998 827 5070 Capi,
847 4997 976 5066 Cerialia,
995 4997 1104 5065 Flacca,
1126 5001 1252 5053 venitis?

372 5101 394 5172 ²)
415 5119 440 5154 v.
459 5101 485 5154 2.
505 5099 574 5153 dum
594 5098 701 5153 Stellae
719 5097 828 5162 turdos
848 5097 918 5149 dum
937 5095 999 5155 tihi,
1018 5095 1127 5164 Flacca,
1147 5113 1225 5166 paro.

414 5218 440 5253 v.
460 5199 485 5252 8.
506 5215 557 5252 nec
578 5197 684 5251 Stellae
703 5197 812 5263 turdos,
832 5213 883 5248 nec
902 5195 965 5262 tihi,
985 5195 1093 5262 Flacca,
1113 5194 1195 5248 dabo.

371 5297 393 5368 θ)
412 5297 465 5366 Ep.
484 5295 526 5350 IV
545 5295 588 5349 42.
609 5295 639 5348 Si
659 5299 724 5366 quis
738 5293 813 5348 forte
833 5293 905 5347 mihi
924 5299 1016 5366 possit
1034 5300 1181 5366 praestare
1201 5301 1325 5365 roganti,

610 5394 686 5460 audi,
705 5411 791 5464 quem
811 5409 941 5464 puerum.
961 5392 1071 5450 Flacca.
1091 5411 1193 5460 rogare
1213 5394 1311 5448 velim.

612 5615 624 5637 α
636 5589 716 5644 Talis
734 5597 797 5644 erat
810 5615 822 5636 ι»
842 5591 915 5644 dicis
936 5614 948 5637 α
963 5597 1060 5644 noster
1079 5591 1308 5644 Amazonicus».

301 5691 434 5763 Namque
453 5709 488 5745 ex
508 5709 552 5762 ep.
572 5689 585 5743 Ι
604 5690 647 5753 57,
667 5691 710 5755 59,
724 5691 767 5758 98,
787 5690 827 5745 IV
840 5691 876 5744 49
889 5690 963 5744 nihil
974 5690 1010 5744 de
1024 5689 1133 5744 Valerii
1145 5689 1231 5744 rebus
1243 5692 1397 5759 discimus;
1412 5692 1524 5763 reliqua
1537 5700 1636 5747 autem
1646 5699 1785 5755 carmina.
1799 5695 1907 5751 Flacco

300 5793 415 5846 cuidam
435 5796 581 5864 inscripta.
593 5799 657 5862 post
676 5794 896 5860 nonagesimum
917 5807 1025 5843 annum
1045 5807 1070 5858 p.
1090 5789 1156 5842 Chr.
1176 5807 1203 5842 n.
1223 5790 1355 5844 confecta
1372 5801 1449 5844 suut.
