4867 6734
507 545 637 614 xnrru
720 627 722 632 ¹
1041 559 1361 615 saorroounnos
1379 559 1508 614 oarvr
1527 558 1577 613 rr.
1639 618 1644 628 ,

509 710 599 770 dicho
613 733 634 790 y
649 710 770 792 Qnilry:
793 713 965 790 peripsam
986 711 1134 772 arborem.
1219 713 1278 770 164
1303 718 1496 788 montesque
1514 729 1624 786 graue:
1643 709 1726 786 Pius,
1749 709 1891 785 Alardus,
1912 707 2121 780 Pindemonte,

509 819 648 898 Wagner
669 819 707 880 de
727 821 843 880 incerto
864 826 895 878 et
916 818 1053 878 mutabili
1081 838 1228 896 genarum
1249 819 1348 878 colore
1375 819 1596 895 cogitaverunt.
1618 816 1680 875 Sed
1698 836 1790 891 penae
1810 815 1867 874 hoc
1887 815 1952 872 loco
1971 812 2052 872 idem
2074 818 2123 870 est

510 935 600 1004 atque
628 931 721 1004 oculi,
748 936 783 988 ut
809 931 866 989 iam
894 907 1103 1004 Burmannus,
1130 929 1313 995 Delamalle,
1339 926 1483 989 Caussin.
1512 926 1651 1002 Huguet,
1680 925 1807 1001 Langen
1837 923 1989 984 viderunt
2011 923 2121 983 alieno:

510 1037 629 1096 Iasonis
650 1057 757 1114 nempe
779 1035 862 1119 [Pius
884 1043 914 1096 et
935 1035 1037 1119 seqq.].
1060 1037 1247 1097 Samuellson
1269 1036 1450 1114 explicavit:
1475 1053 1533 1092 non
1555 1041 1615 1109 tuo,
1637 1035 1733 1092 solito.
1819 1033 1878 1091 194
1898 1032 1930 1090 in
1951 1031 2008 1091 hoc
2029 1050 2119 1089 versu

509 1143 740 1222 interpretando
762 1164 779 1202 a
800 1145 874 1203 viris
899 1144 996 1203 doctis
1016 1143 1147 1203 multum
1176 1163 1285 1222 operae
1312 1143 1496 1221 insumptum
1520 1147 1576 1201 est.
1600 1141 1709 1214 Buaio,
1740 1142 1947 1215 Pindemonte,
1977 1139 2119 1199 Gaussin:
2194 1173 2203 1189 ι

510 1250 586 1308 satis
607 1250 679 1309 mihi
701 1250 781 1326 quod
801 1251 886 1326 Argo
907 1257 985 1324 etc,
1007 1251 1062 1308 Ph.
1084 1251 1222 1329 Wagner
1243 1257 1275 1309 et
1293 1249 1449 1309 Bendicho
1475 1271 1497 1327 y
1525 1250 1648 1327 Quilty3
1677 1268 1736 1307 non
1766 1246 1862 1307 habeo
1890 1246 1970 1324 quod
1995 1245 2118 1305 addam.

512 1356 694 1416 Loehbach:
715 1377 774 1416 non
796 1359 870 1416 satis
891 1361 972 1429 totis,
991 1359 1046 1418 sed
1067 1361 1183 1418 vexatis
1198 1358 1350 1436 corymbis
1363 1359 1448 1436 Argo
1462 1360 1550 1417 naris
1564 1357 1660 1429 redit;
1675 1356 1786 1415 Harles
1800 1361 1831 1413 et
1845 1355 2028 1413 Delamalle:
2044 1354 2121 1412 satis

513 1465 587 1525 mihi
606 1466 806 1544 periculorum
819 1484 825 1538 ;
847 1466 920 1524 Pius
942 1473 973 1525 et
993 1466 1137 1542 Langen;
1159 1471 1208 1523 sat
1228 1465 1300 1523 mihi
1314 1465 1408 1524 semel
1422 1464 1559 1544 Cyaneos
1573 1470 1690 1523 montes
1704 1463 1887 1541 perrupisse.
1901 1461 1956 1521 Pio
1969 1463 2059 1540 plane
2073 1480 2121 1520 aa·

510 1573 635 1630 sentior.
718 1571 778 1630 218
800 1579 903 1634 torona
917 1572 1032 1631 dictum
1046 1576 1093 1630 est
1107 1590 1143 1630 cx
1158 1573 1303 1630 torvitate
1317 1572 1481 1630 incolarum
1496 1569 1588 1652 [Pina
1603 1570 1746 1640 Iortinus,
1760 1568 1967 1643 Pindemonte,
1983 1567 2121 1635 Caussin,

513 1676 659 1760 LangenJ.
682 1677 794 1738 Contra
813 1679 1014 1750 Burmannus,
1035 1679 1182 1756 Wagner,
1205 1679 1330 1755 Huguet
1351 1679 1421 1754 quia
1441 1678 1561 1737 taurino
1581 1677 1680 1756 capite
1701 1675 1785 1736 fluvii
1806 1695 1825 1735 a
1845 1677 1943 1755 potitis
1956 1674 2121 1752 fingantur.

593 1787 654 1844 224
674 1787 807 1870 invitae:
827 1787 928 1846 Pallas
949 1789 1027 1846 enim
1050 1807 1168 1867 semper
1189 1789 1302 1866 nuptiis
1321 1788 1487 1847 adversans
1502 1808 1520 1846 a
1533 1787 1630 1864 politis
1645 1787 1798 1846 inducitur
1812 1782 2033 1866 [Burmannus].
2049 1784 2123 1843 Pius

512 1899 543 1951 ct
565 1894 689 1970 Langen
711 1895 798 1952 aliter
819 1896 1062 1972 explicaverunt,
1084 1896 1139 1955 sed
1160 1897 1259 1954 miuus
1280 1902 1370 1954 recte.
1453 1895 1513 1954 235
1535 1895 1662 1971 duplas,
1692 1896 1764 1970 quia
1783 1914 1821 1953 ex
1842 1891 1969 1969 gemmis
1989 1897 2021 1950 et
2048 1911 2123 1950 auro

512 1999 815 2082 e1·at[Burmannus,
838 2004 991 2080 Heynius,
1015 2003 1151 2080 Caussin,
1173 2005 1307 2081 Hugnet,
1329 2001 1475 2082 Langenl.
1504 2003 1624 2074 Hardea,
1645 2001 1793 2078 Wagner,
1815 2001 1866 2058 alii
1888 2000 1965 2059 duas
1996 2019 2123 2059 coronas

515 2107 736 2167 intellexerunt.
819 2110 878 2168 269
901 2110 979 2170 hunc
994 2131 1115 2170 versum
1130 2112 1213 2170 varie
1228 2113 1477 2189 interpretatores
1490 2114 1680 2187 acceperunt.
1696 2107 1897 2177 Burmannus,
1912 2105 2122 2173 Pindemonte,

516 2215 652 2292 Huguet,
676 2215 833 2276 Bendicho
852 2239 873 2294 y
895 2215 1018 2296 Qnflty:
1040 2218 1155 2277 scilicet
1171 2219 1200 2276 in
1215 2223 1349 2276 nostram
1364 2218 1495 2295 gratiam
1509 2215 1583 2276 fecit
1595 2222 1638 2291 ut,
1658 2220 1816 2275 contentus
1830 2213 1949 2285 Medea,
1964 2232 2023 2271 non
2037 2232 2123 2272 ever·

512 2323 587 2380 terit
607 2320 712 2382 urbem
734 2329 765 2382 et
785 2343 887 2382 muros
908 2325 1071 2384 disiecerit.
1092 2325 1218 2385 Rectius
1239 2325 1342 2395 Buzio,
1375 2325 1551 2396 Delamalle,
1574 2323 1711 2399 Genesin,
1733 2321 1789 2380 Ph.
1811 2321 1958 2399 Wagner,
1987 2320 2121 2397 Langen:

515 2429 574 2488 heu
594 2430 709 2507 pudor!
733 2430 763 2488 id
786 2429 872 2490 nobis
893 2434 1068 2508 contingere
1089 2453 1147 2491 uon
1169 2431 1293 2507 debuit,
1316 2434 1383 2491 nisi·
1395 2433 1479 2509 prius
1499 2430 1606 2490 urbem
1627 2430 1797 2488 delevisset.
1879 2429 1939 2487 ³07
1967 2447 2040 2487 noa.
2053 2445 2124 2488 aaa:

512 2537 597 2596 varta
619 2537 734 2596 scilicet
757 2535 959 2618 [Burmannus
980 2545 1011 2599 et
1031 2538 1134 2621 seqq.].
1156 2540 1246 2598 Pius:
1261 2541 1419 2598 communi.
1433 2539 1576 2614 Langen:
1591 2539 1719 2598 Medeae
1733 2543 1764 2596 et
1778 2537 1884 2597 velleri
1897 2537 2007 2595 timens
2022 2536 2121 2608 Iason,

512 2645 618 2702 velleri
639 2650 759 2704 tantum
780 2647 894 2723 reliqui.
977 2647 1037 2706 324
1058 2649 1166 2708 deutra
1187 2667 1230 2706 sc.
1252 2667 1342 2706 manu
1363 2644 1447 2727 [Pius
1468 2652 1499 2704 et
1520 2643 1622 2725 seqq.],
1637 2664 1697 2703 non
1719 2649 1805 2722 parte
1827 2642 1988 2725 lMaserius
2008 2648 2040 2700 et
2052 2641 2123 2699 Pin·

512 2752 671 2835 ‹lemonte].
754 2755 811 2813 431
835 2754 883 2814 De
905 2756 934 2813 la
954 2755 1033 2814 Ville
1055 2756 1092 2815 de
1114 2755 1258 2814 Mirmont
1280 2753 1397 2813 duobus
1417 2754 1515 2812 modis
1535 2753 1615 2813 hunc
1635 2771 1757 2813 versum
1774 2753 1919 2830 explicari
1938 2771 2027 2831 posse
2041 2759 2124 2810 recte

514 2861 640 2919 statuit:
666 2889 680 2912 «
696 2861 799 2938 n’ai-je
820 2881 875 2940 pas
896 2833 1001 2920 meriti
1023 2881 1162 2940 parmas
1183 2863 1316 2921 services
1337 2879 1394 2936 que
1415 2869 1461 2920 tes
1481 2880 1685 2939 compagnons
1706 2865 1737 2918 et
1752 2861 1792 2918 toi
1807 2878 1882 2918 rous
1897 2879 1971 2918 rcus
1985 2859 2123 2937 exposiez

512 2989 588 3046 pour
609 2969 668 3028 moi
689 2973 708 3028 a
729 2970 757 3028 la
778 2969 877 3028 mort?
896 2998 909 3020 a
934 2971 979 3028 rel
1005 2999 1018 3022 «
1035 2968 1140 3046 maj-je
1160 2987 1216 3046 pas
1237 2969 1359 3043 merite,
1381 2987 1420 3026 en
1440 2987 1514 3026 vous
1535 2974 1679 3044 servant,
1702 2967 1740 3026 de
1761 2968 1790 3025 la
1810 2973 1881 3045 part
1902 2968 1940 3027 de
1962 2987 2030 3026 mon
2051 2969 2123 3044 pere

514 3078 544 3138 la
563 3077 659 3136 meme
679 3085 757 3136 mort
778 3079 825 3154 qu’
835 3080 856 3137 il
878 3079 994 3138 destina
1015 3082 1034 3138 a
1054 3081 1096 3138 toi
1117 3082 1241 3138 etates
1262 3077 1487 3156 compagnons?
1505 3105 1519 3129 »
1542 3078 1678 3137 Priorem
1698 3078 1877 3136 sententiam
1893 3079 1950 3136 riri
1966 3076 2046 3136 docti
2060 3077 2122 3155 ple-

515 3203 639 3260 rumque
660 3191 850 3262 acceperunt.
933 3187 993 3246 458
1009 3187 1146 3262 procedit
1167 3207 1224 3247 noa
1242 3186 1339 3262 gentis
1358 3187 1464 3245 honos:
1481 3186 1565 3244 varie
1578 3184 1654 3244 haec
1668 3184 1763 3244 verba
1777 3185 1928 3263 explicata
1940 3191 2020 3243 sunt.
2041 3184 2125 3258 Pius,

515 3290 618 3360 Buzic,
641 3290 857 3367 Pindemonte‚
879 3293 1046 3353 Delamalle
1079 3299 1223 3371 ceperunt
1243 3313 1279 3352 ac
1300 3294 1327 3350 si
1348 3293 1378 3351 in
1399 3296 1592 3370 conspectum
1612 3291 1730 3352 Iasonis
1752 3291 1862 3351 Medea
1883 3292 1999 3351 veniret
2026 3291 2125 3370 passis

515 3396 650 3455 crinibus
673 3404 704 3456 et
726 3397 831 3456 habitu
852 3400 983 3458 sordido.
1005 3401 1196 3459 Burmannus
1218 3410 1250 3458 et
1268 3400 1324 3458 Ph.
1346 3398 1502 3476 Wagner:
1524 3397 1598 3457 nihil
1620 3400 1704 3457 iuvat
1725 3419 1792 3458 cum
1813 3398 1903 3458 Iason
1924 3405 2044 3458 maneat
2071 3400 2125 3456 im-

515 3503 643 3563 mobilis.
667 3505 814 3594 Lemaire,
838 3506 974 3579 Caussin,
996 3507 1130 3584 Huguet,
1152 3507 1310 3567 Bendichc
1330 3529 1351 3586 y
1365 3507 1468 3584 Qltilty
1481 3527 1487 3564 :
1503 3525 1561 3565 non
1576 3513 1680 3566 servat
1694 3506 1772 3565 hanc
1787 3511 1985 3566 venustatem.
1999 3506 2127 3565 Rectius

515 3611 666 3670 Maserius
687 3617 718 3670 et
738 3613 883 3688 Langen:
905 3612 1098 3691 pulchritudo
1111 3615 1176 3673 eins
1190 3633 1250 3672 non
1264 3616 1457 3692 conspicitur.
1540 3614 1600 3672 463
1616 3615 1716 3673 ultera
1736 3615 1808 3672 Pius
1822 3615 2057 3692 interpretatur:
2070 3618 2125 3672 'se-

515 3720 615 3778 rrmda
639 3739 656 3777 a
678 3720 786 3779 Iasone
807 3719 855 3780 rel
876 3720 1001 3794 hilaris3
1022 3721 1176 3797 Barthius,
1199 3721 1304 3793 anic,
1325 3721 1531 3792 Pindemonte‚
1550 3721 1706 3781 Bendicho
1720 3743 1741 3800 y
1756 3722 1876 3799 Quilty:
1892 3741 1985 3799 aeque
1999 3721 2125 3800 pulchra

514 3847 549 3885 ac
571 3825 628 3884 dea
647 3827 767 3900 Pallas;
789 3827 947 3898 Maserius,
963 3827 1163 3902 Burmannus,
1179 3827 1325 3905 Wagner,
1341 3828 1478 3903 Caussin,
1493 3829 1627 3905 Huguet,
1642 3830 1785 3904 Langen:
1808 3829 1912 3905 altera,
1936 3849 2002 3889 cum
2023 3830 2126 3887 Pallas

513 3939 593 3991 asset
614 3934 729 4011 prima:
752 3935 831 4010 quod
851 3933 954 4012 probo.

1192 4258 1373 4334 CAPVT
1401 4261 1449 4335 V.

597 4470 686 4529 Nunc
701 4477 840 4547 superest
853 4476 887 4528 ut
902 4470 1106 4546 quaestionem
1121 4472 1272 4548 explicatu
1286 4469 1491 4530 difficillimam
1506 4473 1669 4550 suscipiam
1682 4479 1783 4531 utrnm
1804 4471 1968 4548 perfecerit
1980 4469 2120 4530 Valerius

520 4597 641 4637 carmen
663 4597 749 4636 suum
770 4596 873 4636 necne.

596 4685 629 4742 Si
650 4685 824 4760 Heinsinm,
847 4683 901 4743 Ph.
924 4685 1129 4760 Wagnerum,
1151 4684 1369 4744 Baehrensium
1389 4687 1569 4786 excipimus,
1598 4687 1650 4762 qni
1669 4692 1837 4764 temporum
1858 4685 1967 4744 iniuria
1986 4705 2023 4744 ea
2043 4704 2119 4760 quae

518 4799 586 4870 post
608 4791 687 4850 VIII
709 4793 767 4850 467
789 4812 870 4851 nunc
891 4791 1001 4851 desunt
1020 4793 1147 4870 periisse
1167 4791 1366 4851 adfirmamnt
1377 4794 1474 4868 magis
1488 4814 1578 4869 quam
1591 4795 1682 4853 certis
1697 4794 1883 4870 argumentis
1903 4792 2120 4870 probaverunt,

519 4923 623 4961 omnes
637 4902 695 4960 viri
710 4901 793 4960 docti
809 4921 867 4960 non
882 4903 1002 4961 licuisse
1016 4906 1122 4978 poetae
1136 4921 1211 4979 opus
1232 4920 1319 4959 suum
1338 4901 1485 4978 perlicere
1506 4901 1648 4961 arbitrati
1669 4909 1749 4962 sunt.
1770 4903 1837 4974 Qua
1858 4903 1896 4961 de
1916 4901 2125 4960 controversia

518 5027 609 5086 saepe
637 5008 711 5066 milri
732 5009 879 5087 cogitanti
907 5027 1026 5086 semper
1048 5009 1232 5066 tutissimum
1252 5014 1299 5066 est
1320 5009 1418 5066 risum
1445 5009 1564 5068 Heinsii
1588 5010 1769 5068 sententiam
1791 5011 1951 5087 amplecti,
1981 5029 2070 5084 quam
2090 5014 2126 5064 ut

517 5113 650 5191 probem,
674 5115 796 5192 singula
816 5119 994 5192 argumenta
1015 5112 1124 5190 quibus
1145 5114 1244 5191 opinio
1266 5115 1432 5173 communis
1451 5117 1559 5174 nititur
1579 5116 1717 5175 refellere
1738 5117 1810 5176 mihi
1831 5117 1930 5176 liceat.

602 5222 748 5280 Homines
764 5220 845 5280 docti
861 5222 910 5296 qui
926 5227 995 5280 ante
1010 5219 1167 5278 Thilonem
1182 5219 1304 5279 Valerio
1317 5221 1428 5280 Flacco
1443 5243 1545 5280 curam
1568 5242 1747 5301 operamque
1768 5224 1981 5302 impenderunt
2002 5243 2121 5282 carmen

516 5327 554 5386 ab
577 5329 644 5405 ipso
667 5334 757 5406 polita
785 5327 994 5405 imperfectum
1020 5329 1158 5387 relictum
1187 5347 1254 5386 esse
1282 5329 1491 5388 existimarunt
1516 5331 1573 5390 hoc
1593 5332 1720 5390 maxime
1741 5336 1919 5407 argumento
1945 5330 2018 5389 freti
2044 5330 2124 5406 qnod

517 5431 721 5506 Quintilianus
745 5441 873 5493 mortem
884 5434 999 5492 Valerii
1014 5441 1236 5511 praematuram
1258 5442 1381 5510 questus
1401 5442 1463 5495 est:
1486 5457 1575 5512 quam
1595 5438 1742 5497 rationem
1762 5437 1871 5496 falsam
1892 5457 1958 5496 esse
1978 5437 2124 5496 Heinsius

516 5561 569 5600 suo
591 5543 656 5600 iure
677 5541 788 5600 (locuit.
817 5542 956 5600 Alterum
984 5547 1212 5616 argumentum.
1236 5562 1294 5618 quc
1314 5543 1455 5602 Valerius
1475 5543 1538 5602 lato
1560 5546 1660 5620 iniquo
1686 5545 1902 5618 Argonauticis
1930 5544 2123 5622 perficiendis
