<?xml version="1.0" encoding="UTF-8"?>
<!DOCTYPE html PUBLIC "-//W3C//DTD XHTML 1.0 Transitional//EN"
    "http://www.w3.org/TR/xhtml1/DTD/xhtml1-transitional.dtd">
<html xmlns="http://www.w3.org/1999/xhtml" xml:lang="en" lang="en">
 <head>
  <title>
</title>
<meta http-equiv="Content-Type" content="text/html;charset=utf-8" />
  <meta name='ocr-system' content='tesseract 3.04.00' />
  <meta name='ocr-capabilities' content='ocr_page ocr_carea ocr_par ocr_line ocrx_word'/>
</head>
<body>
  <div class='ocr_page' id='page_1' title='image "./cvaleriflacciba00giargoog/cvaleriflacciba00giargoog_0054.png"; bbox 0 0 4867 6734; ppageno 0'>
   <div class='ocr_carea' id='block_1_1' title="bbox 527 525 1598 582">
    <p class='ocr_par' dir='ltr' id='par_1_1' title="bbox 527 525 1598 582">
     <span class='ocr_line' id='line_1_1' title="bbox 527 525 1598 582; baseline 0 -2"><span class='ocrx_word' id='word_1_1' title='bbox 527 527 614 580; x_wconf 78' lang='lat' dir='ltr'><strong>XLI]</strong></span> <span class='ocrx_word' id='word_1_2' title='bbox 1063 525 1382 582; x_wconf 79' lang='lat' dir='ltr'><strong>PROLEGOMENON</strong></span> <span class='ocrx_word' id='word_1_3' title='bbox 1399 528 1527 582; x_wconf 70' lang='lat' dir='ltr'><strong>ral’vr</strong></span> <span class='ocrx_word' id='word_1_4' title='bbox 1548 527 1598 582; x_wconf 80' lang='lat' dir='ltr'><strong>lv.</strong></span> 
     </span>
    </p>
   </div>
   <div class='ocr_carea' id='block_1_2' title="bbox 518 679 2134 1939">
    <p class='ocr_par' dir='ltr' id='par_1_2' title="bbox 518 679 2134 1939">
     <span class='ocr_line' id='line_1_2' title="bbox 522 679 2130 758; baseline 0.001 -21"><span class='ocrx_word' id='word_1_5' title='bbox 522 679 661 738; x_wconf 87' lang='lat' dir='ltr'><strong>continuo</strong></span> <span class='ocrx_word' id='word_1_6' title='bbox 683 681 808 756; x_wconf 86' lang='lat' dir='ltr'><strong>accepit.</strong></span> <span class='ocrx_word' id='word_1_7' title='bbox 890 683 927 739; x_wconf 85' lang='grc'><strong>61</strong></span> <span class='ocrx_word' id='word_1_8' title='bbox 950 681 1032 740; x_wconf 89' lang='lat' dir='ltr'><strong>locus</strong></span> <span class='ocrx_word' id='word_1_9' title='bbox 1055 687 1188 740; x_wconf 84' lang='lat' dir='ltr'><strong>vexatus.</strong></span> <span class='ocrx_word' id='word_1_10' title='bbox 1211 682 1378 740; x_wconf 83' lang='lat' dir='ltr'><strong>Delamalle</strong></span> <span class='ocrx_word' id='word_1_11' title='bbox 1399 683 1443 740; x_wconf 89' lang='lat' dir='ltr'><strong>sic</strong></span> <span class='ocrx_word' id='word_1_12' title='bbox 1465 682 1630 758; x_wconf 81' lang='lat' dir='ltr'><strong>intellegit:</strong></span> <span class='ocrx_word' id='word_1_13' title='bbox 1653 687 1820 741; x_wconf 70' lang='lat' dir='ltr'><strong>rucis-rbus!</strong></span> <span class='ocrx_word' id='word_1_14' title='bbox 1842 681 1859 738; x_wconf 93' lang='lat' dir='ltr'><strong>i.</strong></span> <span class='ocrx_word' id='word_1_15' title='bbox 1882 700 1907 738; x_wconf 89' lang='lat' dir='ltr'><strong>e.</strong></span> <span class='ocrx_word' id='word_1_16' title='bbox 1931 688 2130 742; x_wconf 78' lang='lat' dir='ltr'><strong>ruonstrutur.</strong></span> 
     </span>
     <span class='ocr_line' id='line_1_3' title="bbox 523 785 2130 870; baseline 0.004 -28"><span class='ocrx_word' id='word_1_17' title='bbox 523 785 696 844; x_wconf 88' lang='lat' dir='ltr'><strong>Weichert:</strong></span> <span class='ocrx_word' id='word_1_18' title='bbox 719 787 829 846; x_wconf 82' lang='lat' dir='ltr'><strong>tacitae</strong></span> <span class='ocrx_word' id='word_1_19' title='bbox 852 788 942 847; x_wconf 92' lang='lat' dir='ltr'><strong>horae</strong></span> <span class='ocrx_word' id='word_1_20' title='bbox 963 792 1141 846; x_wconf 91' lang='lat' dir='ltr'><strong>monstrant.</strong></span> <span class='ocrx_word' id='word_1_21' title='bbox 1162 789 1279 866; x_wconf 77' lang='lat' dir='ltr'>Scripsi</span> <span class='ocrx_word' id='word_1_22' title='bbox 1300 795 1457 858; x_wconf 61' lang='lat' dir='ltr'><strong>monstrat,</strong></span> <span class='ocrx_word' id='word_1_23' title='bbox 1478 789 1614 848; x_wconf 87' lang='lat' dir='ltr'><strong>referens</strong></span> <span class='ocrx_word' id='word_1_24' title='bbox 1634 807 1694 846; x_wconf 94' lang='lat' dir='ltr'><strong>nou</strong></span> <span class='ocrx_word' id='word_1_25' title='bbox 1714 787 1754 846; x_wconf 89' lang='lat' dir='ltr'><strong>ad</strong></span> <span class='ocrx_word' id='word_1_26' title='bbox 1767 788 1886 866; x_wconf 82' lang='lat' dir='ltr'>Argum</span> <span class='ocrx_word' id='word_1_27' title='bbox 1900 787 2059 870; x_wconf 66' lang='lat' dir='ltr'><strong>[Vossiusl</strong></span> <span class='ocrx_word' id='word_1_28' title='bbox 2075 791 2130 848; x_wconf 78' lang='lat' dir='ltr'><strong>sed</strong></span> 
     </span>
     <span class='ocr_line' id='line_1_4' title="bbox 522 891 2134 977; baseline 0.002 -27"><span class='ocrx_word' id='word_1_29' title='bbox 522 891 561 950; x_wconf 89' lang='lat' dir='ltr'><strong>ad</strong></span> <span class='ocrx_word' id='word_1_30' title='bbox 582 892 708 951; x_wconf 89' lang='lat' dir='ltr'><strong>Pallada</strong></span> <span class='ocrx_word' id='word_1_31' title='bbox 729 891 893 974; x_wconf 78' lang='lat' dir='ltr'><strong>[Schrader</strong></span> <span class='ocrx_word' id='word_1_32' title='bbox 914 900 945 953; x_wconf 89' lang='lat' dir='ltr'><strong>et</strong></span> <span class='ocrx_word' id='word_1_33' title='bbox 966 893 1114 977; x_wconf 72' lang='lat' dir='ltr'><strong>Garrssml,</strong></span> <span class='ocrx_word' id='word_1_34' title='bbox 1136 915 1174 954; x_wconf 87' lang='lat' dir='ltr'><strong>ex</strong></span> <span class='ocrx_word' id='word_1_35' title='bbox 1195 917 1224 954; x_wconf 87' lang='lat' dir='ltr'><strong>v.</strong></span> <span class='ocrx_word' id='word_1_36' title='bbox 1245 897 1348 956; x_wconf 82' lang='lat'><strong>49-50.</strong></span> <span class='ocrx_word' id='word_1_37' title='bbox 1433 896 1525 954; x_wconf 85' lang='grc'><strong>75-76</strong></span> <span class='ocrx_word' id='word_1_38' title='bbox 1547 896 1793 971; x_wconf 68' lang='lat' dir='ltr'><strong>eregit-Phoebus</strong></span> <span class='ocrx_word' id='word_1_39' title='bbox 1811 897 1909 956; x_wconf 79' lang='lat' dir='ltr'><strong>Attea</strong></span> <span class='ocrx_word' id='word_1_40' title='bbox 1922 895 1996 954; x_wconf 89' lang='lat' dir='ltr'><strong>Pius</strong></span> <span class='ocrx_word' id='word_1_41' title='bbox 2010 905 2042 954; x_wconf 89' lang='lat' dir='ltr'><strong>et</strong></span> <span class='ocrx_word' id='word_1_42' title='bbox 2057 896 2134 954; x_wconf 90' lang='lat' dir='ltr'><strong>Wa-</strong></span> 
     </span>
     <span class='ocr_line' id='line_1_5' title="bbox 521 1001 2132 1080; baseline 0.002 -22"><span class='ocrx_word' id='word_1_43' title='bbox 521 1018 598 1075; x_wconf 86' lang='lat' dir='ltr'><strong>gner</strong></span> <span class='ocrx_word' id='word_1_44' title='bbox 619 1001 788 1078; x_wconf 83' lang='lat' dir='ltr'><strong>explicant:</strong></span> <span class='ocrx_word' id='word_1_45' title='bbox 811 1001 855 1060; x_wconf 91' lang='lat' dir='ltr'><strong>sol</strong></span> <span class='ocrx_word' id='word_1_46' title='bbox 877 1001 949 1060; x_wconf 91' lang='lat' dir='ltr'><strong>fecit</strong></span> <span class='ocrx_word' id='word_1_47' title='bbox 968 1001 1070 1062; x_wconf 86' lang='lat' dir='ltr'><strong>Athon</strong></span> <span class='ocrx_word' id='word_1_48' title='bbox 1092 1003 1304 1080; x_wconf 87' lang='lat' dir='ltr'><strong>conspicuum;</strong></span> <span class='ocrx_word' id='word_1_49' title='bbox 1325 1003 1526 1077; x_wconf 70' lang='lat' dir='ltr'><strong>Burmannus,</strong></span> <span class='ocrx_word' id='word_1_50' title='bbox 1548 1001 1755 1072; x_wconf 87' lang='lat' dir='ltr'><strong>Pindemonte,</strong></span> <span class='ocrx_word' id='word_1_51' title='bbox 1772 1001 1910 1076; x_wconf 83' lang='lat' dir='ltr'><strong>Caussm,</strong></span> <span class='ocrx_word' id='word_1_52' title='bbox 1925 1002 2060 1080; x_wconf 88' lang='lat' dir='ltr'><strong>Huguet.</strong></span> <span class='ocrx_word' id='word_1_53' title='bbox 2077 1002 2132 1061; x_wconf 89' lang='lat' dir='ltr'><strong>Sa·</strong></span> 
     </span>
     <span class='ocr_line' id='line_1_6' title="bbox 522 1108 2132 1186; baseline 0 -20"><span class='ocrx_word' id='word_1_54' title='bbox 522 1109 676 1176; x_wconf 83' lang='lat' dir='ltr'><strong>muellson,</strong></span> <span class='ocrx_word' id='word_1_55' title='bbox 699 1109 769 1167; x_wconf 87' lang='lat' dir='ltr'><strong>alii:</strong></span> <span class='ocrx_word' id='word_1_56' title='bbox 792 1110 836 1168; x_wconf 92' lang='lat' dir='ltr'><strong>sol</strong></span> <span class='ocrx_word' id='word_1_57' title='bbox 857 1109 993 1168; x_wconf 90' lang='lat' dir='ltr'><strong>ascendit</strong></span> <span class='ocrx_word' id='word_1_58' title='bbox 1014 1129 1048 1168; x_wconf 90' lang='lat' dir='ltr'><strong>eo</strong></span> <span class='ocrx_word' id='word_1_59' title='bbox 1071 1128 1163 1186; x_wconf 88' lang='lat' dir='ltr'><strong>usque</strong></span> <span class='ocrx_word' id='word_1_60' title='bbox 1183 1115 1217 1168; x_wconf 91' lang='lat' dir='ltr'><strong>ut</strong></span> <span class='ocrx_word' id='word_1_61' title='bbox 1238 1108 1332 1168; x_wconf 89' lang='lat' dir='ltr'><strong>radiis</strong></span> <span class='ocrx_word' id='word_1_62' title='bbox 1352 1109 1455 1168; x_wconf 87' lang='lat' dir='ltr'><strong>Athon</strong></span> <span class='ocrx_word' id='word_1_63' title='bbox 1477 1111 1603 1168; x_wconf 82' lang='lat' dir='ltr'><strong>vicerit:</strong></span> <span class='ocrx_word' id='word_1_64' title='bbox 1625 1109 1704 1186; x_wconf 90' lang='lat' dir='ltr'><strong>quod</strong></span> <span class='ocrx_word' id='word_1_65' title='bbox 1725 1109 1828 1186; x_wconf 92' lang='lat' dir='ltr'><strong>probo.</strong></span> <span class='ocrx_word' id='word_1_66' title='bbox 1913 1111 1972 1168; x_wconf 87' lang='grc'><strong>104</strong></span> <span class='ocrx_word' id='word_1_67' title='bbox 1998 1111 2132 1170; x_wconf 76' lang='lat' dir='ltr'><strong>sidereos</strong></span> 
     </span>
     <span class='ocr_line' id='line_1_7' title="bbox 521 1215 2132 1295; baseline 0.001 -21"><span class='ocrx_word' id='word_1_68' title='bbox 521 1217 633 1289; x_wconf 75' lang='lat' dir='ltr'><strong>diffusa</strong></span> <span class='ocrx_word' id='word_1_69' title='bbox 653 1217 747 1276; x_wconf 79' lang='lat' dir='ltr'><strong>sinus.</strong></span> <span class='ocrx_word' id='word_1_70' title='bbox 770 1215 850 1276; x_wconf 86' lang='lat' dir='ltr'><strong>Male</strong></span> <span class='ocrx_word' id='word_1_71' title='bbox 871 1217 1034 1277; x_wconf 77' lang='lat' dir='ltr'>Loehbach</span> <span class='ocrx_word' id='word_1_72' title='bbox 1056 1217 1134 1278; x_wconf 90' lang='lat' dir='ltr'><strong>bunc</strong></span> <span class='ocrx_word' id='word_1_73' title='bbox 1156 1219 1254 1277; x_wconf 89' lang='lat' dir='ltr'><strong>locum</strong></span> <span class='ocrx_word' id='word_1_74' title='bbox 1274 1218 1490 1295; x_wconf 86' lang='lat' dir='ltr'><strong>interpretatus</strong></span> <span class='ocrx_word' id='word_1_75' title='bbox 1511 1226 1577 1277; x_wconf 84' lang='lat' dir='ltr'><strong>est:</strong></span> <span class='ocrx_word' id='word_1_76' title='bbox 1602 1246 1615 1268; x_wconf 86' lang='lat'>«</span> <span class='ocrx_word' id='word_1_77' title='bbox 1636 1219 1686 1278; x_wconf 86' lang='lat' dir='ltr'><strong>ich</strong></span> <span class='ocrx_word' id='word_1_78' title='bbox 1709 1217 1865 1278; x_wconf 71' lang='lat' dir='ltr'><strong>mochte...</strong></span> <span class='ocrx_word' id='word_1_79' title='bbox 1890 1237 1949 1277; x_wconf 86' lang='lat' dir='ltr'><strong>von</strong></span> <span class='ocrx_word' id='word_1_80' title='bbox 1969 1219 2039 1278; x_wconf 81' lang='lat' dir='ltr'><strong>deur</strong></span> <span class='ocrx_word' id='word_1_81' title='bbox 2056 1220 2132 1276; x_wconf 81' lang='lat' dir='ltr'><strong>wir-r</strong></span> 
     </span>
     <span class='ocr_line' id='line_1_8' title="bbox 522 1323 2129 1403; baseline 0.001 -23"><span class='ocrx_word' id='word_1_82' title='bbox 522 1323 598 1382; x_wconf 79' lang='lat' dir='ltr'><strong>uber</strong></span> <span class='ocrx_word' id='word_1_83' title='bbox 619 1323 667 1382; x_wconf 93' lang='lat' dir='ltr'><strong>die</strong></span> <span class='ocrx_word' id='word_1_84' title='bbox 689 1323 783 1382; x_wconf 90' lang='lat' dir='ltr'><strong>Brust</strong></span> <span class='ocrx_word' id='word_1_85' title='bbox 804 1323 1079 1403; x_wconf 78' lang='lat' dir='ltr'><strong>herabhangendsu</strong></span> <span class='ocrx_word' id='word_1_86' title='bbox 1100 1325 1186 1384; x_wconf 89' lang='lat' dir='ltr'><strong>Huar</strong></span> <span class='ocrx_word' id='word_1_87' title='bbox 1208 1325 1370 1384; x_wconf 80' lang='lat' dir='ltr'><strong>verstehen</strong></span> <span class='ocrx_word' id='word_1_88' title='bbox 1387 1353 1413 1382; x_wconf 84' lang='lat'><strong>».</strong></span> <span class='ocrx_word' id='word_1_89' title='bbox 1435 1323 1538 1384; x_wconf 90' lang='lat' dir='ltr'><strong>Verba</strong></span> <span class='ocrx_word' id='word_1_90' title='bbox 1558 1326 1637 1384; x_wconf 91' lang='lat' dir='ltr'><strong>enim</strong></span> <span class='ocrx_word' id='word_1_91' title='bbox 1658 1324 1695 1383; x_wconf 92' lang='lat' dir='ltr'><strong>de</strong></span> <span class='ocrx_word' id='word_1_92' title='bbox 1710 1326 1777 1384; x_wconf 81' lang='lat' dir='ltr'><strong>laxo</strong></span> <span class='ocrx_word' id='word_1_93' title='bbox 1791 1325 1839 1384; x_wconf 88' lang='lat' dir='ltr'><strong>vel</strong></span> <span class='ocrx_word' id='word_1_94' title='bbox 1853 1325 2002 1384; x_wconf 88' lang='lat' dir='ltr'><strong>discincto</strong></span> <span class='ocrx_word' id='word_1_95' title='bbox 2016 1325 2129 1384; x_wconf 82' lang='lat' dir='ltr'><strong>amictu</strong></span> 
     </span>
     <span class='ocr_line' id='line_1_9' title="bbox 523 1430 2132 1510; baseline 0.002 -23"><span class='ocrx_word' id='word_1_96' title='bbox 523 1431 725 1508; x_wconf 87' lang='lat' dir='ltr'><strong>intellegenda</strong></span> <span class='ocrx_word' id='word_1_97' title='bbox 746 1437 826 1501; x_wconf 85' lang='lat' dir='ltr'><strong>sunt,</strong></span> <span class='ocrx_word' id='word_1_98' title='bbox 849 1436 881 1490; x_wconf 88' lang='lat' dir='ltr'><strong>ut</strong></span> <span class='ocrx_word' id='word_1_99' title='bbox 902 1432 1101 1502; x_wconf 80' lang='lat' dir='ltr'><strong>Burmannus,</strong></span> <span class='ocrx_word' id='word_1_100' title='bbox 1124 1431 1299 1502; x_wconf 87' lang='lat' dir='ltr'><strong>Delamalle,</strong></span> <span class='ocrx_word' id='word_1_101' title='bbox 1315 1431 1453 1507; x_wconf 85' lang='lat' dir='ltr'><strong>Caussiu,</strong></span> <span class='ocrx_word' id='word_1_102' title='bbox 1468 1430 1619 1510; x_wconf 87' lang='lat' dir='ltr'><strong>Gebbing,</strong></span> <span class='ocrx_word' id='word_1_103' title='bbox 1635 1432 1684 1491; x_wconf 91' lang='lat' dir='ltr'><strong>alii</strong></span> <span class='ocrx_word' id='word_1_104' title='bbox 1698 1431 1914 1510; x_wconf 85' lang='lat' dir='ltr'><strong>probaverunt.</strong></span> <span class='ocrx_word' id='word_1_105' title='bbox 1999 1434 2057 1492; x_wconf 71' lang='lat'><strong>158</strong></span> <span class='ocrx_word' id='word_1_106' title='bbox 2069 1434 2132 1491; x_wconf 85' lang='lat' dir='ltr'><strong>rir-</strong></span> 
     </span>
     <span class='ocr_line' id='line_1_10' title="bbox 518 1537 2131 1617; baseline 0.002 -20"><span class='ocrx_word' id='word_1_107' title='bbox 518 1545 591 1612; x_wconf 68' lang='lat' dir='ltr'><strong>‚qutu</strong></span> <span class='ocrx_word' id='word_1_108' title='bbox 605 1538 773 1608; x_wconf 74' lang='lat' dir='ltr'><strong>Turnebus,</strong></span> <span class='ocrx_word' id='word_1_109' title='bbox 790 1538 904 1610; x_wconf 84' lang='lat' dir='ltr'><strong>Carrio,</strong></span> <span class='ocrx_word' id='word_1_110' title='bbox 919 1537 1062 1610; x_wconf 82' lang='lat' dir='ltr'><strong>Alardus,</strong></span> <span class='ocrx_word' id='word_1_111' title='bbox 1078 1539 1278 1613; x_wconf 83' lang='lat' dir='ltr'><strong>Burmannus,</strong></span> <span class='ocrx_word' id='word_1_112' title='bbox 1290 1538 1488 1598; x_wconf 83' lang='lat' dir='ltr'><strong>Pmdemonte</strong></span> <span class='ocrx_word' id='word_1_113' title='bbox 1503 1539 1541 1598; x_wconf 92' lang='lat' dir='ltr'><strong>de</strong></span> <span class='ocrx_word' id='word_1_114' title='bbox 1553 1546 1638 1598; x_wconf 79' lang='lat' dir='ltr'><strong>veste</strong></span> <span class='ocrx_word' id='word_1_115' title='bbox 1650 1540 1853 1617; x_wconf 83' lang='lat' dir='ltr'><strong>explicanmt3</strong></span> <span class='ocrx_word' id='word_1_116' title='bbox 1865 1547 1972 1599; x_wconf 89' lang='lat' dir='ltr'><strong>contra</strong></span> <span class='ocrx_word' id='word_1_117' title='bbox 1982 1540 2131 1616; x_wconf 87' lang='lat' dir='ltr'><strong>Wagner.</strong></span> 
     </span>
     <span class='ocr_line' id='line_1_11' title="bbox 521 1644 2132 1726; baseline -0.001 -22"><span class='ocrx_word' id='word_1_118' title='bbox 521 1644 640 1714; x_wconf 87' lang='lat' dir='ltr'><strong>Harles‚</strong></span> <span class='ocrx_word' id='word_1_119' title='bbox 662 1644 840 1716; x_wconf 88' lang='lat' dir='ltr'><strong>Delamalle‚</strong></span> <span class='ocrx_word' id='word_1_120' title='bbox 863 1645 1000 1722; x_wconf 82' lang='lat' dir='ltr'><strong>Causam,</strong></span> <span class='ocrx_word' id='word_1_121' title='bbox 1020 1646 1154 1723; x_wconf 85' lang='lat' dir='ltr'><strong>Huguet,</strong></span> <span class='ocrx_word' id='word_1_122' title='bbox 1177 1647 1305 1722; x_wconf 92' lang='lat' dir='ltr'><strong>Langen</strong></span> <span class='ocrx_word' id='word_1_123' title='bbox 1326 1648 1395 1705; x_wconf 89' lang='lat' dir='ltr'><strong>alii:</strong></span> <span class='ocrx_word' id='word_1_124' title='bbox 1417 1647 1571 1723; x_wconf 78' lang='lat' dir='ltr'><strong>stigmatis</strong></span> <span class='ocrx_word' id='word_1_125' title='bbox 1591 1655 1779 1726; x_wconf 88' lang='lat' dir='ltr'><strong>conpuncta:</strong></span> <span class='ocrx_word' id='word_1_126' title='bbox 1800 1648 1880 1723; x_wconf 91' lang='lat' dir='ltr'><strong>quod</strong></span> <span class='ocrx_word' id='word_1_127' title='bbox 1901 1649 1987 1707; x_wconf 92' lang='lat' dir='ltr'><strong>malo.</strong></span> <span class='ocrx_word' id='word_1_128' title='bbox 2074 1649 2132 1706; x_wconf 81' lang='grc'><strong>1711</strong></span> 
     </span>
     <span class='ocr_line' id='line_1_12' title="bbox 519 1753 2131 1832; baseline 0.001 -23"><span class='ocrx_word' id='word_1_129' title='bbox 519 1759 708 1829; x_wconf 66' lang='lat' dir='ltr'><strong>stragemque</strong></span> <span class='ocrx_word' id='word_1_130' title='bbox 727 1755 811 1814; x_wconf 81' lang='lat' dir='ltr'><strong>deum</strong></span> <span class='ocrx_word' id='word_1_131' title='bbox 827 1753 980 1830; x_wconf 89' lang='lat' dir='ltr'><strong>Barthius,</strong></span> <span class='ocrx_word' id='word_1_132' title='bbox 996 1753 1196 1821; x_wconf 86' lang='lat' dir='ltr'><strong>Burmannus,</strong></span> <span class='ocrx_word' id='word_1_133' title='bbox 1212 1753 1360 1830; x_wconf 80' lang='lat' dir='ltr'><strong>Wagner,</strong></span> <span class='ocrx_word' id='word_1_134' title='bbox 1374 1754 1486 1814; x_wconf 88' lang='lat' dir='ltr'><strong>Harles</strong></span> <span class='ocrx_word' id='word_1_135' title='bbox 1500 1760 1636 1832; x_wconf 88' lang='lat' dir='ltr'><strong>stragem</strong></span> <span class='ocrx_word' id='word_1_136' title='bbox 1650 1775 1668 1812; x_wconf 93' lang='lat' dir='ltr'><strong>a</strong></span> <span class='ocrx_word' id='word_1_137' title='bbox 1682 1754 1741 1814; x_wconf 86' lang='lat' dir='ltr'><strong>diis</strong></span> <span class='ocrx_word' id='word_1_138' title='bbox 1754 1753 1869 1812; x_wconf 85' lang='lat' dir='ltr'><strong>factam</strong></span> <span class='ocrx_word' id='word_1_139' title='bbox 1882 1755 2131 1831; x_wconf 65' lang='lat' dir='ltr'><strong>interpretantur</strong></span> 
     </span>
     <span class='ocr_line' id='line_1_13' title="bbox 521 1859 2132 1939; baseline 0.001 -24"><span class='ocrx_word' id='word_1_140' title='bbox 521 1859 575 1918; x_wconf 84' lang='lat' dir='ltr'><strong>aed</strong></span> <span class='ocrx_word' id='word_1_141' title='bbox 597 1861 709 1918; x_wconf 89' lang='lat' dir='ltr'><strong>rectius</strong></span> <span class='ocrx_word' id='word_1_142' title='bbox 729 1860 811 1933; x_wconf 92' lang='lat' dir='ltr'><strong>Pius,</strong></span> <span class='ocrx_word' id='word_1_143' title='bbox 833 1861 1000 1932; x_wconf 75' lang='lat' dir='ltr'><strong>Maserius,</strong></span> <span class='ocrx_word' id='word_1_144' title='bbox 1022 1861 1210 1932; x_wconf 81' lang='lat' dir='ltr'><strong>Delamalle,</strong></span> <span class='ocrx_word' id='word_1_145' title='bbox 1234 1861 1381 1936; x_wconf 81' lang='lat' dir='ltr'><strong>Caussin,</strong></span> <span class='ocrx_word' id='word_1_146' title='bbox 1404 1863 1547 1938; x_wconf 78' lang='lat' dir='ltr'><strong>Huguet,</strong></span> <span class='ocrx_word' id='word_1_147' title='bbox 1569 1861 1724 1922; x_wconf 88' lang='lat' dir='ltr'><strong>Bendicho</strong></span> <span class='ocrx_word' id='word_1_148' title='bbox 1743 1883 1765 1939; x_wconf 85' lang='lat' dir='ltr'>y</span> <span class='ocrx_word' id='word_1_149' title='bbox 1787 1862 1910 1938; x_wconf 79' lang='lat' dir='ltr'><strong>Quilty,</strong></span> <span class='ocrx_word' id='word_1_150' title='bbox 1932 1861 2059 1938; x_wconf 90' lang='lat' dir='ltr'><strong>Langen</strong></span> <span class='ocrx_word' id='word_1_151' title='bbox 2081 1861 2132 1918; x_wconf 86' lang='lat' dir='ltr'><strong>alii</strong></span> 
     </span>
    </p>
   </div>
   <div class='ocr_carea' id='block_1_3' title="bbox 520 1969 2132 2165">
    <p class='ocr_par' dir='ltr' id='par_1_3' title="bbox 520 1969 2132 2165">
     <span class='ocr_line' id='line_1_14' title="bbox 521 1969 2131 2053; baseline -0.004 -19"><span class='ocrx_word' id='word_1_152' title='bbox 521 1980 638 2034; x_wconf 88' lang='lat' dir='ltr'><strong>statuas</strong></span> <span class='ocrx_word' id='word_1_153' title='bbox 660 1975 829 2052; x_wconf 85' lang='lat' dir='ltr'><strong>templaque</strong></span> <span class='ocrx_word' id='word_1_154' title='bbox 851 1975 974 2034; x_wconf 90' lang='lat' dir='ltr'><strong>deorum</strong></span> <span class='ocrx_word' id='word_1_155' title='bbox 996 1973 1094 2034; x_wconf 83' lang='lat' dir='ltr'><strong>fracta</strong></span> <span class='ocrx_word' id='word_1_156' title='bbox 1109 1975 1329 2034; x_wconf 83' lang='lat' dir='ltr'><strong>intellexerunt.</strong></span> <span class='ocrx_word' id='word_1_157' title='bbox 1415 1976 1469 2034; x_wconf 89' lang='grc'><strong>191</strong></span> <span class='ocrx_word' id='word_1_158' title='bbox 1486 1975 1598 2048; x_wconf 67' lang='lat' dir='ltr'><strong>festina</strong></span> <span class='ocrx_word' id='word_1_159' title='bbox 1613 1994 1672 2034; x_wconf 89' lang='lat' dir='ltr'><strong>nou</strong></span> <span class='ocrx_word' id='word_1_160' title='bbox 1686 1975 1875 2033; x_wconf 72' lang='lat' dir='ltr'><strong>simulatione</strong></span> <span class='ocrx_word' id='word_1_161' title='bbox 1888 1969 2059 2053; x_wconf 76' lang='lat' dir='ltr'><strong>[Lemairel.</strong></span> <span class='ocrx_word' id='word_1_162' title='bbox 2075 1970 2131 2028; x_wconf 79' lang='lat' dir='ltr'><strong>sed</strong></span> 
     </span>
     <span class='ocr_line' id='line_1_15' title="bbox 520 2078 2132 2165; baseline -0.002 -27"><span class='ocrx_word' id='word_1_163' title='bbox 520 2081 663 2140; x_wconf 80' lang='lat' dir='ltr'><strong>facinoris</strong></span> <span class='ocrx_word' id='word_1_164' title='bbox 685 2081 851 2160; x_wconf 87' lang='lat' dir='ltr'><strong>cupiditate</strong></span> <span class='ocrx_word' id='word_1_165' title='bbox 873 2081 1085 2162; x_wconf 90' lang='lat' dir='ltr'><strong>[Burmannus,</strong></span> <span class='ocrx_word' id='word_1_166' title='bbox 1106 2083 1316 2151; x_wconf 84' lang='lat' dir='ltr'><strong>Pindemonte,</strong></span> <span class='ocrx_word' id='word_1_167' title='bbox 1339 2084 1485 2160; x_wconf 78' lang='lat' dir='ltr'><strong>Wagner,</strong></span> <span class='ocrx_word' id='word_1_168' title='bbox 1508 2081 1653 2165; x_wconf 77' lang='lat' dir='ltr'><strong>Langenl.</strong></span> <span class='ocrx_word' id='word_1_169' title='bbox 1736 2083 1796 2140; x_wconf 89' lang='grc'><strong>219</strong></span> <span class='ocrx_word' id='word_1_170' title='bbox 1817 2087 1914 2142; x_wconf 77' lang='lat' dir='ltr'><strong>noctes</strong></span> <span class='ocrx_word' id='word_1_171' title='bbox 1936 2081 2018 2138; x_wconf 83' lang='lat' dir='ltr'><strong>varie</strong></span> <span class='ocrx_word' id='word_1_172' title='bbox 2039 2078 2132 2155; x_wconf 80' lang='lat' dir='ltr'><strong>expli-</strong></span> 
     </span>
    </p>
   </div>
   <div class='ocr_carea' id='block_1_4' title="bbox 515 2185 2131 5609">
    <p class='ocr_par' dir='ltr' id='par_1_4' title="bbox 515 2185 2131 4313">
     <span class='ocr_line' id='line_1_16' title="bbox 521 2185 2130 2267; baseline -0.004 -21"><span class='ocrx_word' id='word_1_173' title='bbox 521 2194 623 2246; x_wconf 82' lang='lat' dir='ltr'><strong>catum</strong></span> <span class='ocrx_word' id='word_1_174' title='bbox 643 2193 699 2246; x_wconf 85' lang='lat' dir='ltr'><strong>est.</strong></span> <span class='ocrx_word' id='word_1_175' title='bbox 721 2188 870 2247; x_wconf 84' lang='lat' dir='ltr'><strong>Maserius</strong></span> <span class='ocrx_word' id='word_1_176' title='bbox 890 2195 922 2246; x_wconf 89' lang='lat' dir='ltr'><strong>et</strong></span> <span class='ocrx_word' id='word_1_177' title='bbox 941 2188 1133 2248; x_wconf 83' lang='lat' dir='ltr'><strong>Burmannus</strong></span> <span class='ocrx_word' id='word_1_178' title='bbox 1155 2190 1333 2266; x_wconf 90' lang='lat' dir='ltr'><strong>intellegunt</strong></span> <span class='ocrx_word' id='word_1_179' title='bbox 1354 2191 1470 2248; x_wconf 89' lang='lat' dir='ltr'><strong>somnia</strong></span> <span class='ocrx_word' id='word_1_180' title='bbox 1490 2209 1544 2267; x_wconf 92' lang='lat' dir='ltr'><strong>per</strong></span> <span class='ocrx_word' id='word_1_181' title='bbox 1564 2198 1669 2248; x_wconf 88' lang='lat' dir='ltr'><strong>noctes</strong></span> <span class='ocrx_word' id='word_1_182' title='bbox 1690 2188 1886 2266; x_wconf 89' lang='lat' dir='ltr'><strong>apparentia;</strong></span> <span class='ocrx_word' id='word_1_183' title='bbox 1907 2185 2011 2243; x_wconf 89' lang='lat' dir='ltr'><strong>Braun</strong></span> <span class='ocrx_word' id='word_1_184' title='bbox 2025 2188 2130 2242; x_wconf 80' lang='lat' dir='ltr'><strong>noctes</strong></span> 
     </span>
     <span class='ocr_line' id='line_1_17' title="bbox 518 2293 2127 2376; baseline -0.002 -23"><span class='ocrx_word' id='word_1_185' title='bbox 518 2293 627 2370; x_wconf 90' lang='lat' dir='ltr'><strong>quibus</strong></span> <span class='ocrx_word' id='word_1_186' title='bbox 638 2315 759 2356; x_wconf 88' lang='lat' dir='ltr'><strong>carmen</strong></span> <span class='ocrx_word' id='word_1_187' title='bbox 770 2305 857 2356; x_wconf 82' lang='lat' dir='ltr'><strong>suum</strong></span> <span class='ocrx_word' id='word_1_188' title='bbox 867 2302 956 2374; x_wconf 75' lang='lat' dir='ltr'><strong>poeta</strong></span> <span class='ocrx_word' id='word_1_189' title='bbox 968 2299 1150 2368; x_wconf 87' lang='lat' dir='ltr'><strong>recitaverit;</strong></span> <span class='ocrx_word' id='word_1_190' title='bbox 1165 2298 1248 2370; x_wconf 90' lang='lat' dir='ltr'><strong>Pius,</strong></span> <span class='ocrx_word' id='word_1_191' title='bbox 1256 2297 1350 2369; x_wconf 86' lang='lat' dir='ltr'><strong>Beck,</strong></span> <span class='ocrx_word' id='word_1_192' title='bbox 1361 2296 1506 2376; x_wconf 83' lang='lat' dir='ltr'><strong>Wagner,</strong></span> <span class='ocrx_word' id='word_1_193' title='bbox 1516 2299 1650 2375; x_wconf 85' lang='lat' dir='ltr'><strong>Huguet,</strong></span> <span class='ocrx_word' id='word_1_194' title='bbox 1658 2297 1799 2356; x_wconf 73' lang='lat' dir='ltr'><strong>Koestlin</strong></span> <span class='ocrx_word' id='word_1_195' title='bbox 1810 2313 1931 2353; x_wconf 87' lang='lat' dir='ltr'><strong>carmen</strong></span> <span class='ocrx_word' id='word_1_196' title='bbox 1941 2298 2127 2370; x_wconf 85' lang='lat' dir='ltr'><strong>pernoctem</strong></span> 
     </span>
     <span class='ocr_line' id='line_1_18' title="bbox 519 2399 2131 2481; baseline -0.002 -19"><span class='ocrx_word' id='word_1_197' title='bbox 519 2401 706 2474; x_wconf 64' lang='lat' dir='ltr'><strong>confertum</strong></span> <span class='ocrx_word' id='word_1_198' title='bbox 728 2405 832 2480; x_wconf 84' lang='lat' dir='ltr'><strong>Buaio,</strong></span> <span class='ocrx_word' id='word_1_199' title='bbox 854 2404 1060 2480; x_wconf 89' lang='lat' dir='ltr'><strong>Pindemonte,</strong></span> <span class='ocrx_word' id='word_1_200' title='bbox 1081 2405 1258 2477; x_wconf 89' lang='lat' dir='ltr'><strong>Delamalle,</strong></span> <span class='ocrx_word' id='word_1_201' title='bbox 1281 2405 1418 2477; x_wconf 81' lang='lat' dir='ltr'><strong>Causam,</strong></span> <span class='ocrx_word' id='word_1_202' title='bbox 1438 2405 1594 2464; x_wconf 90' lang='lat' dir='ltr'><strong>Bendicho</strong></span> <span class='ocrx_word' id='word_1_203' title='bbox 1613 2425 1635 2481; x_wconf 87' lang='lat' dir='ltr'>y</span> <span class='ocrx_word' id='word_1_204' title='bbox 1654 2403 1770 2480; x_wconf 79' lang='lat' dir='ltr'><strong>Quilty,</strong></span> <span class='ocrx_word' id='word_1_205' title='bbox 1785 2404 1912 2480; x_wconf 85' lang='lat' dir='ltr'><strong>Langen</strong></span> <span class='ocrx_word' id='word_1_206' title='bbox 1926 2420 1975 2460; x_wconf 90' lang='lat' dir='ltr'><strong>res</strong></span> <span class='ocrx_word' id='word_1_207' title='bbox 1989 2419 2066 2476; x_wconf 90' lang='lat' dir='ltr'><strong>quae</strong></span> <span class='ocrx_word' id='word_1_208' title='bbox 2079 2399 2131 2458; x_wconf 73' lang='lat' dir='ltr'><strong>ho</strong></span> 
     </span>
     <span class='ocr_line' id='line_1_19' title="bbox 519 2511 2130 2594; baseline -0.001 -26"><span class='ocrx_word' id='word_1_209' title='bbox 519 2513 592 2570; x_wconf 89' lang='lat' dir='ltr'><strong>mini</strong></span> <span class='ocrx_word' id='word_1_210' title='bbox 614 2511 741 2572; x_wconf 91' lang='lat' dir='ltr'><strong>insomni</strong></span> <span class='ocrx_word' id='word_1_211' title='bbox 762 2511 865 2572; x_wconf 85' lang='lat' dir='ltr'><strong>offerri</strong></span> <span class='ocrx_word' id='word_1_212' title='bbox 881 2514 1016 2572; x_wconf 90' lang='lat' dir='ltr'><strong>soleant:</strong></span> <span class='ocrx_word' id='word_1_213' title='bbox 1032 2534 1120 2589; x_wconf 90' lang='lat' dir='ltr'><strong>quam</strong></span> <span class='ocrx_word' id='word_1_214' title='bbox 1135 2515 1365 2594; x_wconf 81' lang='lat' dir='ltr'><strong>explicationem</strong></span> <span class='ocrx_word' id='word_1_215' title='bbox 1380 2533 1482 2574; x_wconf 80' lang='lat' dir='ltr'><strong>veram</strong></span> <span class='ocrx_word' id='word_1_216' title='bbox 1497 2533 1563 2572; x_wconf 90' lang='lat' dir='ltr'><strong>esse</strong></span> <span class='ocrx_word' id='word_1_217' title='bbox 1576 2533 1631 2590; x_wconf 93' lang='lat' dir='ltr'><strong>pro</strong></span> <span class='ocrx_word' id='word_1_218' title='bbox 1646 2519 1728 2571; x_wconf 86' lang='lat' dir='ltr'><strong>certo</strong></span> <span class='ocrx_word' id='word_1_219' title='bbox 1743 2511 1848 2570; x_wconf 91' lang='lat' dir='ltr'><strong>habeo.</strong></span> <span class='ocrx_word' id='word_1_220' title='bbox 1910 2512 1972 2570; x_wconf 89' lang='grc'><strong>260</strong></span> <span class='ocrx_word' id='word_1_221' title='bbox 1991 2511 2130 2586; x_wconf 70' lang='lat' dir='ltr'><strong>fiscoque</strong></span> 
     </span>
     <span class='ocr_line' id='line_1_20' title="bbox 517 2615 2131 2700; baseline -0.001 -22"><span class='ocrx_word' id='word_1_222' title='bbox 517 2623 649 2692; x_wconf 70' lang='lat' dir='ltr'><strong>ficerunt</strong></span> <span class='ocrx_word' id='word_1_223' title='bbox 670 2621 701 2680; x_wconf 80' lang='lat' dir='ltr'><strong>in</strong></span> <span class='ocrx_word' id='word_1_224' title='bbox 724 2621 826 2680; x_wconf 81' lang='lat' dir='ltr'><strong>limiae</strong></span> <span class='ocrx_word' id='word_1_225' title='bbox 851 2623 960 2696; x_wconf 70' lang='lat' dir='ltr'><strong>tiores:</strong></span> <span class='ocrx_word' id='word_1_226' title='bbox 976 2623 1006 2679; x_wconf 90' lang='lat' dir='ltr'><strong>in</strong></span> <span class='ocrx_word' id='word_1_227' title='bbox 1023 2621 1069 2680; x_wconf 89' lang='lat' dir='ltr'><strong>his</strong></span> <span class='ocrx_word' id='word_1_228' title='bbox 1084 2621 1186 2682; x_wconf 90' lang='lat' dir='ltr'><strong>verbis</strong></span> <span class='ocrx_word' id='word_1_229' title='bbox 1200 2622 1437 2700; x_wconf 84' lang='lat' dir='ltr'><strong>interpretandis</strong></span> <span class='ocrx_word' id='word_1_230' title='bbox 1452 2622 1510 2680; x_wconf 91' lang='lat' dir='ltr'><strong>viri</strong></span> <span class='ocrx_word' id='word_1_231' title='bbox 1525 2621 1605 2679; x_wconf 91' lang='lat' dir='ltr'><strong>docti</strong></span> <span class='ocrx_word' id='word_1_232' title='bbox 1622 2621 1700 2678; x_wconf 90' lang='lat' dir='ltr'><strong>inter</strong></span> <span class='ocrx_word' id='word_1_233' title='bbox 1714 2639 1747 2678; x_wconf 90' lang='lat' dir='ltr'><strong>se</strong></span> <span class='ocrx_word' id='word_1_234' title='bbox 1762 2618 1977 2678; x_wconf 87' lang='lat' dir='ltr'><strong>discesserunt.</strong></span> <span class='ocrx_word' id='word_1_235' title='bbox 1993 2615 2131 2694; x_wconf 85' lang='lat' dir='ltr'><strong>Wagner</strong></span> 
     </span>
     <span class='ocr_line' id='line_1_21' title="bbox 517 2725 2128 2808; baseline -0.002 -22"><span class='ocrx_word' id='word_1_236' title='bbox 517 2727 664 2804; x_wconf 83' lang='lat' dir='ltr'><strong>explicat:</strong></span> <span class='ocrx_word' id='word_1_237' title='bbox 686 2733 789 2786; x_wconf 91' lang='lat' dir='ltr'><strong>tantus</strong></span> <span class='ocrx_word' id='word_1_238' title='bbox 811 2735 877 2786; x_wconf 86' lang='lat' dir='ltr'><strong>erat</strong></span> <span class='ocrx_word' id='word_1_239' title='bbox 897 2731 1012 2788; x_wconf 89' lang='lat' dir='ltr'><strong>sonitus</strong></span> <span class='ocrx_word' id='word_1_240' title='bbox 1034 2736 1247 2808; x_wconf 79' lang='lat' dir='ltr'><strong>tympanorum</strong></span> <span class='ocrx_word' id='word_1_241' title='bbox 1266 2736 1301 2788; x_wconf 91' lang='lat' dir='ltr'><strong>ut</strong></span> <span class='ocrx_word' id='word_1_242' title='bbox 1315 2736 1384 2788; x_wconf 81' lang='lat' dir='ltr'><strong>ante</strong></span> <span class='ocrx_word' id='word_1_243' title='bbox 1398 2729 1479 2788; x_wconf 89' lang='lat' dir='ltr'><strong>fores</strong></span> <span class='ocrx_word' id='word_1_244' title='bbox 1493 2735 1610 2786; x_wconf 83' lang='lat' dir='ltr'><strong>stantes</strong></span> <span class='ocrx_word' id='word_1_245' title='bbox 1623 2745 1734 2786; x_wconf 89' lang='lat' dir='ltr'><strong>aeneae</strong></span> <span class='ocrx_word' id='word_1_246' title='bbox 1747 2725 1878 2804; x_wconf 89' lang='lat' dir='ltr'><strong>tigrides</strong></span> <span class='ocrx_word' id='word_1_247' title='bbox 1892 2729 1923 2783; x_wconf 90' lang='lat' dir='ltr'><strong>et</strong></span> <span class='ocrx_word' id='word_1_248' title='bbox 1939 2727 2020 2783; x_wconf 91' lang='lat' dir='ltr'><strong>mtus</strong></span> <span class='ocrx_word' id='word_1_249' title='bbox 2034 2743 2128 2783; x_wconf 80' lang='lat' dir='ltr'><strong>carae</strong></span> 
     </span>
     <span class='ocr_line' id='line_1_22' title="bbox 515 2833 2129 2915; baseline -0.002 -21"><span class='ocrx_word' id='word_1_250' title='bbox 515 2842 700 2894; x_wconf 87' lang='lat' dir='ltr'><strong>resonarent.</strong></span> <span class='ocrx_word' id='word_1_251' title='bbox 724 2835 911 2915; x_wconf 89' lang='lat' dir='ltr'><strong>Wesselmg,</strong></span> <span class='ocrx_word' id='word_1_252' title='bbox 934 2837 1120 2909; x_wconf 84' lang='lat' dir='ltr'><strong>Volkmann,</strong></span> <span class='ocrx_word' id='word_1_253' title='bbox 1142 2837 1344 2897; x_wconf 83' lang='lat' dir='ltr'><strong>Ruhnkenius</strong></span> <span class='ocrx_word' id='word_1_254' title='bbox 1367 2837 1405 2896; x_wconf 90' lang='lat' dir='ltr'><strong>de</strong></span> <span class='ocrx_word' id='word_1_255' title='bbox 1425 2836 1555 2915; x_wconf 88' lang='lat' dir='ltr'><strong>pellibus</strong></span> <span class='ocrx_word' id='word_1_256' title='bbox 1575 2835 1741 2912; x_wconf 88' lang='lat' dir='ltr'><strong>tigridibus</strong></span> <span class='ocrx_word' id='word_1_257' title='bbox 1762 2834 1909 2894; x_wconf 90' lang='lat' dir='ltr'><strong>detractis</strong></span> <span class='ocrx_word' id='word_1_258' title='bbox 1930 2852 2006 2908; x_wconf 89' lang='lat' dir='ltr'><strong>quae</strong></span> <span class='ocrx_word' id='word_1_259' title='bbox 2032 2833 2129 2893; x_wconf 86' lang='lat' dir='ltr'><strong>venti-</strong></span> 
     </span>
     <span class='ocr_line' id='line_1_23' title="bbox 516 2941 2128 3024; baseline -0.001 -23"><span class='ocrx_word' id='word_1_260' title='bbox 516 2944 594 3002; x_wconf 86' lang='lat' dir='ltr'><strong>latae</strong></span> <span class='ocrx_word' id='word_1_261' title='bbox 608 2946 767 3022; x_wconf 84' lang='lat' dir='ltr'><strong>strepitum</strong></span> <span class='ocrx_word' id='word_1_262' title='bbox 783 2946 969 3004; x_wconf 87' lang='lat' dir='ltr'><strong>concitarent</strong></span> <span class='ocrx_word' id='word_1_263' title='bbox 984 2947 1203 3023; x_wconf 87' lang='lat' dir='ltr'><strong>cogitaverunt.</strong></span> <span class='ocrx_word' id='word_1_264' title='bbox 1218 2946 1321 3005; x_wconf 90' lang='lat' dir='ltr'><strong>Brauu</strong></span> <span class='ocrx_word' id='word_1_265' title='bbox 1337 2952 1424 3024; x_wconf 87' lang='lat' dir='ltr'><strong>putat</strong></span> <span class='ocrx_word' id='word_1_266' title='bbox 1439 2948 1535 3024; x_wconf 87' lang='lat' dir='ltr'><strong>tigres</strong></span> <span class='ocrx_word' id='word_1_267' title='bbox 1550 2944 1677 3004; x_wconf 83' lang='lat' dir='ltr'><strong>feminas</strong></span> <span class='ocrx_word' id='word_1_268' title='bbox 1692 2943 1798 3002; x_wconf 89' lang='lat' dir='ltr'><strong>Lemni</strong></span> <span class='ocrx_word' id='word_1_269' title='bbox 1812 2944 1950 3000; x_wconf 80' lang='lat' dir='ltr'><strong>timentes</strong></span> <span class='ocrx_word' id='word_1_270' title='bbox 1964 2941 2128 3021; x_wconf 88' lang='lat' dir='ltr'><strong>appellari.</strong></span> 
     </span>
     <span class='ocr_line' id='line_1_24' title="bbox 521 3047 2126 3132; baseline -0.004 -19"><span class='ocrx_word' id='word_1_271' title='bbox 521 3053 582 3113; x_wconf 88' lang='lat' dir='ltr'><strong>Sed</strong></span> <span class='ocrx_word' id='word_1_272' title='bbox 603 3053 659 3114; x_wconf 89' lang='lat' dir='ltr'><strong>hoc</strong></span> <span class='ocrx_word' id='word_1_273' title='bbox 681 3047 744 3114; x_wconf 84' lang='lat' dir='ltr'><strong>loco</strong></span> <span class='ocrx_word' id='word_1_274' title='bbox 765 3054 941 3113; x_wconf 88' lang='lat' dir='ltr'><strong>miraculum</strong></span> <span class='ocrx_word' id='word_1_275' title='bbox 964 3053 1076 3114; x_wconf 89' lang='lat' dir='ltr'><strong>factum</strong></span> <span class='ocrx_word' id='word_1_276' title='bbox 1099 3074 1165 3114; x_wconf 91' lang='lat' dir='ltr'><strong>esse</strong></span> <span class='ocrx_word' id='word_1_277' title='bbox 1186 3061 1276 3132; x_wconf 71' lang='lat' dir='ltr'><strong>poeta</strong></span> <span class='ocrx_word' id='word_1_278' title='bbox 1296 3061 1409 3125; x_wconf 76' lang='lat' dir='ltr'><strong>namet,</strong></span> <span class='ocrx_word' id='word_1_279' title='bbox 1431 3061 1465 3113; x_wconf 91' lang='lat' dir='ltr'><strong>ut</strong></span> <span class='ocrx_word' id='word_1_280' title='bbox 1484 3053 1604 3119; x_wconf 83' lang='lat' dir='ltr'><strong>Iacobs,</strong></span> <span class='ocrx_word' id='word_1_281' title='bbox 1627 3053 1804 3117; x_wconf 81' lang='lat' dir='ltr'><strong>Weichert,</strong></span> <span class='ocrx_word' id='word_1_282' title='bbox 1827 3051 1978 3125; x_wconf 76' lang='lat' dir='ltr'><strong>Schenkl,</strong></span> <span class='ocrx_word' id='word_1_283' title='bbox 2003 3051 2126 3110; x_wconf 90' lang='lat' dir='ltr'><strong>Hartel.</strong></span> 
     </span>
     <span class='ocr_line' id='line_1_25' title="bbox 521 3155 2127 3240; baseline -0.006 -19"><span class='ocrx_word' id='word_1_284' title='bbox 521 3160 672 3240; x_wconf 84' lang='lat' dir='ltr'><strong>Gebbing,</strong></span> <span class='ocrx_word' id='word_1_285' title='bbox 694 3163 819 3239; x_wconf 88' lang='lat' dir='ltr'><strong>Langen</strong></span> <span class='ocrx_word' id='word_1_286' title='bbox 843 3161 992 3221; x_wconf 90' lang='lat' dir='ltr'><strong>viderunt.</strong></span> <span class='ocrx_word' id='word_1_287' title='bbox 1076 3163 1134 3221; x_wconf 80' lang='lat'><strong>337</strong></span> <span class='ocrx_word' id='word_1_288' title='bbox 1156 3163 1239 3221; x_wconf 88' lang='lat' dir='ltr'><strong>locus</strong></span> <span class='ocrx_word' id='word_1_289' title='bbox 1260 3162 1311 3220; x_wconf 82' lang='lat' dir='ltr'><strong>vix</strong></span> <span class='ocrx_word' id='word_1_290' title='bbox 1332 3181 1432 3220; x_wconf 85' lang='lat' dir='ltr'><strong>sanus.</strong></span> <span class='ocrx_word' id='word_1_291' title='bbox 1455 3160 1601 3237; x_wconf 87' lang='lat' dir='ltr'><strong>Wagner,</strong></span> <span class='ocrx_word' id='word_1_292' title='bbox 1624 3160 1762 3230; x_wconf 86' lang='lat' dir='ltr'><strong>Caussin,</strong></span> <span class='ocrx_word' id='word_1_293' title='bbox 1783 3158 1917 3236; x_wconf 89' lang='lat' dir='ltr'><strong>Hnguet,</strong></span> <span class='ocrx_word' id='word_1_294' title='bbox 1940 3157 2026 3226; x_wconf 87' lang='lat' dir='ltr'><strong>Ellis,</strong></span> <span class='ocrx_word' id='word_1_295' title='bbox 2040 3155 2127 3231; x_wconf 70' lang='lat' dir='ltr'><strong>Bury</strong></span> 
     </span>
     <span class='ocr_line' id='line_1_26' title="bbox 525 3265 2128 3347; baseline -0.006 -19"><span class='ocrx_word' id='word_1_296' title='bbox 525 3269 691 3346; x_wconf 87' lang='lat' dir='ltr'><strong>explicant:</strong></span> <span class='ocrx_word' id='word_1_297' title='bbox 707 3288 766 3327; x_wconf 93' lang='lat' dir='ltr'><strong>uno</strong></span> <span class='ocrx_word' id='word_1_298' title='bbox 780 3267 904 3328; x_wconf 81' lang='lat' dir='ltr'><strong>fulmine</strong></span> <span class='ocrx_word' id='word_1_299' title='bbox 920 3269 1000 3328; x_wconf 88' lang='lat' dir='ltr'><strong>facto</strong></span> <span class='ocrx_word' id='word_1_300' title='bbox 1014 3275 1132 3329; x_wconf 85' lang='lat' dir='ltr'><strong>antrum</strong></span> <span class='ocrx_word' id='word_1_301' title='bbox 1148 3275 1231 3328; x_wconf 85' lang='lat' dir='ltr'><strong>tacet</strong></span> <span class='ocrx_word' id='word_1_302' title='bbox 1245 3269 1338 3328; x_wconf 86' lang='lat' dir='ltr'><strong>donec</strong></span> <span class='ocrx_word' id='word_1_303' title='bbox 1354 3289 1428 3347; x_wconf 91' lang='lat' dir='ltr'><strong>opus</strong></span> <span class='ocrx_word' id='word_1_304' title='bbox 1442 3288 1553 3327; x_wconf 89' lang='lat' dir='ltr'><strong>novum</strong></span> <span class='ocrx_word' id='word_1_305' title='bbox 1563 3269 1754 3345; x_wconf 88' lang='lat' dir='ltr'><strong>suscipiatur.</strong></span> <span class='ocrx_word' id='word_1_306' title='bbox 1766 3265 1864 3340; x_wconf 83' lang='lat' dir='ltr'><strong>Quem</strong></span> <span class='ocrx_word' id='word_1_307' title='bbox 1873 3283 1995 3322; x_wconf 83' lang='lat' dir='ltr'><strong>sensum</strong></span> <span class='ocrx_word' id='word_1_308' title='bbox 2004 3281 2128 3340; x_wconf 85' lang='lat' dir='ltr'><strong>prorsus</strong></span> 
     </span>
     <span class='ocr_line' id='line_1_27' title="bbox 520 3368 2128 3454; baseline -0.004 -20"><span class='ocrx_word' id='word_1_309' title='bbox 520 3376 703 3436; x_wconf 88' lang='lat' dir='ltr'><strong>reiciendum</strong></span> <span class='ocrx_word' id='word_1_310' title='bbox 734 3396 792 3436; x_wconf 95' lang='lat' dir='ltr'><strong>non</strong></span> <span class='ocrx_word' id='word_1_311' title='bbox 824 3376 961 3453; x_wconf 82' lang='lat' dir='ltr'><strong>equidem</strong></span> <span class='ocrx_word' id='word_1_312' title='bbox 993 3378 1139 3436; x_wconf 86' lang='lat' dir='ltr'><strong>existimo.</strong></span> <span class='ocrx_word' id='word_1_313' title='bbox 1222 3377 1282 3436; x_wconf 84' lang='grc'><strong>367</strong></span> <span class='ocrx_word' id='word_1_314' title='bbox 1304 3382 1411 3454; x_wconf 83' lang='lat' dir='ltr'><strong>quarto</strong></span> <span class='ocrx_word' id='word_1_315' title='bbox 1440 3383 1527 3436; x_wconf 84' lang='lat' dir='ltr'><strong>ortu:</strong></span> <span class='ocrx_word' id='word_1_316' title='bbox 1547 3394 1604 3434; x_wconf 90' lang='lat' dir='ltr'><strong>nec</strong></span> <span class='ocrx_word' id='word_1_317' title='bbox 1632 3380 1758 3452; x_wconf 89' lang='lat' dir='ltr'><strong>quartus</strong></span> <span class='ocrx_word' id='word_1_318' title='bbox 1779 3372 1845 3432; x_wconf 90' lang='lat' dir='ltr'><strong>dies</strong></span> <span class='ocrx_word' id='word_1_319' title='bbox 1866 3369 1965 3451; x_wconf 85' lang='lat' dir='ltr'><strong>[Pius,</strong></span> <span class='ocrx_word' id='word_1_320' title='bbox 1988 3368 2128 3436; x_wconf 84' lang='lat' dir='ltr'><strong>Vossius,</strong></span> 
     </span>
     <span class='ocr_line' id='line_1_28' title="bbox 522 3477 2128 3566; baseline -0.007 -22"><span class='ocrx_word' id='word_1_321' title='bbox 522 3487 656 3564; x_wconf 83' lang='lat' dir='ltr'><strong>Huguet,</strong></span> <span class='ocrx_word' id='word_1_322' title='bbox 671 3483 793 3556; x_wconf 88' lang='lat' dir='ltr'><strong>Nisard,</strong></span> <span class='ocrx_word' id='word_1_323' title='bbox 807 3485 921 3555; x_wconf 90' lang='lat' dir='ltr'><strong>Braun‚</strong></span> <span class='ocrx_word' id='word_1_324' title='bbox 936 3485 1071 3566; x_wconf 88' lang='lat' dir='ltr'><strong>Langen]</strong></span> <span class='ocrx_word' id='word_1_325' title='bbox 1083 3506 1138 3545; x_wconf 87' lang='lat' dir='ltr'><strong>nec</strong></span> <span class='ocrx_word' id='word_1_326' title='bbox 1152 3492 1278 3560; x_wconf 83' lang='lat' dir='ltr'><strong>quartus</strong></span> <span class='ocrx_word' id='word_1_327' title='bbox 1292 3487 1404 3544; x_wconf 86' lang='lat' dir='ltr'><strong>mensis</strong></span> <span class='ocrx_word' id='word_1_328' title='bbox 1419 3483 1588 3566; x_wconf 71' lang='lat' dir='ltr'><strong>[Maserius</strong></span> <span class='ocrx_word' id='word_1_329' title='bbox 1604 3485 1719 3558; x_wconf 84' lang='lat' dir='ltr'><strong>Carrio,</strong></span> <span class='ocrx_word' id='word_1_330' title='bbox 1733 3482 1940 3555; x_wconf 89' lang='lat' dir='ltr'><strong>Pindemonte,</strong></span> <span class='ocrx_word' id='word_1_331' title='bbox 1951 3477 2128 3537; x_wconf 86' lang='lat' dir='ltr'><strong>Delamalle.</strong></span> 
     </span>
     <span class='ocr_line' id='line_1_29' title="bbox 522 3581 2130 3672; baseline -0.006 -22"><span class='ocrx_word' id='word_1_332' title='bbox 522 3590 675 3651; x_wconf 90' lang='lat' dir='ltr'><strong>Bendicho</strong></span> <span class='ocrx_word' id='word_1_333' title='bbox 696 3613 716 3669; x_wconf 91' lang='lat' dir='ltr'>y</span> <span class='ocrx_word' id='word_1_334' title='bbox 738 3590 853 3669; x_wconf 81' lang='lat' dir='ltr'><strong>Qllilty,</strong></span> <span class='ocrx_word' id='word_1_335' title='bbox 875 3589 1032 3672; x_wconf 77' lang='lat' dir='ltr'><strong>Koestlinl,</strong></span> <span class='ocrx_word' id='word_1_336' title='bbox 1054 3591 1110 3649; x_wconf 88' lang='lat' dir='ltr'><strong>sed</strong></span> <span class='ocrx_word' id='word_1_337' title='bbox 1130 3595 1256 3666; x_wconf 88' lang='lat' dir='ltr'><strong>quartus</strong></span> <span class='ocrx_word' id='word_1_338' title='bbox 1277 3596 1343 3668; x_wconf 90' lang='lat' dir='ltr'><strong>post</strong></span> <span class='ocrx_word' id='word_1_339' title='bbox 1365 3591 1466 3648; x_wconf 89' lang='lat' dir='ltr'><strong>lunam</strong></span> <span class='ocrx_word' id='word_1_340' title='bbox 1486 3609 1594 3649; x_wconf 90' lang='lat' dir='ltr'><strong>novam</strong></span> <span class='ocrx_word' id='word_1_341' title='bbox 1616 3588 1681 3647; x_wconf 86' lang='lat' dir='ltr'><strong>dies</strong></span> <span class='ocrx_word' id='word_1_342' title='bbox 1713 3587 1915 3670; x_wconf 90' lang='lat' dir='ltr'><strong>[Burmannus</strong></span> <span class='ocrx_word' id='word_1_343' title='bbox 1939 3591 1969 3643; x_wconf 93' lang='lat' dir='ltr'><strong>et</strong></span> <span class='ocrx_word' id='word_1_344' title='bbox 1990 3581 2130 3664; x_wconf 74' lang='lat' dir='ltr'><strong>Gaussin]</strong></span> 
     </span>
     <span class='ocr_line' id='line_1_30' title="bbox 520 3695 2125 3777; baseline -0.002 -23"><span class='ocrx_word' id='word_1_345' title='bbox 520 3697 574 3758; x_wconf 90' lang='lat' dir='ltr'><strong>hoc</strong></span> <span class='ocrx_word' id='word_1_346' title='bbox 589 3698 653 3756; x_wconf 89' lang='lat' dir='ltr'><strong>loco</strong></span> <span class='ocrx_word' id='word_1_347' title='bbox 667 3697 827 3756; x_wconf 87' lang='lat' dir='ltr'><strong>indicatur.</strong></span> <span class='ocrx_word' id='word_1_348' title='bbox 908 3697 969 3756; x_wconf 87' lang='grc'><strong>377</strong></span> <span class='ocrx_word' id='word_1_349' title='bbox 984 3697 1056 3773; x_wconf 82' lang='lat' dir='ltr'><strong>ipae,</strong></span> <span class='ocrx_word' id='word_1_350' title='bbox 1069 3697 1217 3756; x_wconf 90' lang='lat' dir='ltr'><strong>Hercules</strong></span> <span class='ocrx_word' id='word_1_351' title='bbox 1232 3699 1347 3756; x_wconf 89' lang='lat' dir='ltr'><strong>scilicet</strong></span> <span class='ocrx_word' id='word_1_352' title='bbox 1358 3695 1471 3777; x_wconf 69' lang='lat' dir='ltr'><strong>{Buziq</strong></span> <span class='ocrx_word' id='word_1_353' title='bbox 1484 3696 1690 3771; x_wconf 88' lang='lat' dir='ltr'><strong>Pindemonte,</strong></span> <span class='ocrx_word' id='word_1_354' title='bbox 1708 3696 1845 3770; x_wconf 81' lang='lat' dir='ltr'><strong>Caussin,</strong></span> <span class='ocrx_word' id='word_1_355' title='bbox 1861 3697 1996 3774; x_wconf 85' lang='lat' dir='ltr'><strong>Huguet,</strong></span> <span class='ocrx_word' id='word_1_356' title='bbox 2012 3697 2125 3764; x_wconf 90' lang='lat' dir='ltr'><strong>Braun,</strong></span> 
     </span>
     <span class='ocr_line' id='line_1_31' title="bbox 521 3801 2129 3884; baseline -0.001 -24"><span class='ocrx_word' id='word_1_357' title='bbox 521 3802 772 3878; x_wconf 85' lang='lat' dir='ltr'><strong>Hirschwaelder,</strong></span> <span class='ocrx_word' id='word_1_358' title='bbox 794 3803 939 3880; x_wconf 86' lang='lat' dir='ltr'><strong>Koestlin,</strong></span> <span class='ocrx_word' id='word_1_359' title='bbox 962 3801 1167 3884; x_wconf 78' lang='lat' dir='ltr'><strong>Samuellsonl,</strong></span> <span class='ocrx_word' id='word_1_360' title='bbox 1189 3823 1255 3874; x_wconf 86' lang='lat' dir='ltr'><strong>nec,</strong></span> <span class='ocrx_word' id='word_1_361' title='bbox 1275 3812 1309 3861; x_wconf 94' lang='lat' dir='ltr'><strong>ut</strong></span> <span class='ocrx_word' id='word_1_362' title='bbox 1332 3804 1395 3861; x_wconf 86' lang='lat' dir='ltr'><strong>vult</strong></span> <span class='ocrx_word' id='word_1_363' title='bbox 1417 3803 1563 3881; x_wconf 87' lang='lat' dir='ltr'><strong>Wagner.</strong></span> <span class='ocrx_word' id='word_1_364' title='bbox 1585 3803 1686 3860; x_wconf 91' lang='lat' dir='ltr'><strong>Iason.</strong></span> <span class='ocrx_word' id='word_1_365' title='bbox 1768 3804 1830 3861; x_wconf 87' lang='grc'><strong>454</strong></span> <span class='ocrx_word' id='word_1_366' title='bbox 1843 3823 1970 3862; x_wconf 77' lang='lat' dir='ltr'><strong>vacuum</strong></span> <span class='ocrx_word' id='word_1_367' title='bbox 1983 3803 2057 3861; x_wconf 88' lang='lat' dir='ltr'><strong>Pius</strong></span> <span class='ocrx_word' id='word_1_368' title='bbox 2083 3803 2129 3859; x_wconf 88' lang='lat' dir='ltr'><strong>in-</strong></span> 
     </span>
     <span class='ocr_line' id='line_1_32' title="bbox 518 3910 2125 3990; baseline -0.001 -21"><span class='ocrx_word' id='word_1_369' title='bbox 518 3911 635 3988; x_wconf 90' lang='lat' dir='ltr'><strong>tellegit</strong></span> <span class='ocrx_word' id='word_1_370' title='bbox 655 3913 715 3970; x_wconf 88' lang='lat' dir='ltr'><strong>iter</strong></span> <span class='ocrx_word' id='word_1_371' title='bbox 735 3931 788 3990; x_wconf 88' lang='lat' dir='ltr'><strong>per</strong></span> <span class='ocrx_word' id='word_1_372' title='bbox 810 3931 881 3972; x_wconf 85' lang='lat' dir='ltr'><strong>aera</strong></span> <span class='ocrx_word' id='word_1_373' title='bbox 900 3913 1034 3972; x_wconf 85' lang='lat' dir='ltr'><strong>factum:</strong></span> <span class='ocrx_word' id='word_1_374' title='bbox 1058 3915 1169 3973; x_wconf 90' lang='lat' dir='ltr'><strong>rectius</strong></span> <span class='ocrx_word' id='word_1_375' title='bbox 1190 3914 1397 3984; x_wconf 88' lang='lat' dir='ltr'><strong>Burmannus,</strong></span> <span class='ocrx_word' id='word_1_376' title='bbox 1420 3913 1515 3988; x_wconf 83' lang='lat' dir='ltr'><strong>Thilo,</strong></span> <span class='ocrx_word' id='word_1_377' title='bbox 1537 3913 1593 3971; x_wconf 92' lang='lat' dir='ltr'><strong>Pb.</strong></span> <span class='ocrx_word' id='word_1_378' title='bbox 1620 3911 1769 3990; x_wconf 90' lang='lat' dir='ltr'><strong>Wagner,</strong></span> <span class='ocrx_word' id='word_1_379' title='bbox 1797 3913 1922 3990; x_wconf 89' lang='lat' dir='ltr'><strong>Langen</strong></span> <span class='ocrx_word' id='word_1_380' title='bbox 1945 3910 1983 3970; x_wconf 90' lang='lat' dir='ltr'><strong>de</strong></span> <span class='ocrx_word' id='word_1_381' title='bbox 2004 3911 2125 3970; x_wconf 89' lang='lat' dir='ltr'><strong>deserto</strong></span> 
     </span>
     <span class='ocr_line' id='line_1_33' title="bbox 517 4017 2120 4098; baseline 0 -23"><span class='ocrx_word' id='word_1_382' title='bbox 517 4018 604 4076; x_wconf 89' lang='lat' dir='ltr'><strong>litore</strong></span> <span class='ocrx_word' id='word_1_383' title='bbox 620 4017 837 4094; x_wconf 83' lang='lat' dir='ltr'><strong>cogitaverunt</strong></span> <span class='ocrx_word' id='word_1_384' title='bbox 920 4021 979 4079; x_wconf 88' lang='grc'><strong>515</strong></span> <span class='ocrx_word' id='word_1_385' title='bbox 1001 4025 1030 4078; x_wconf 89' lang='lat' dir='ltr'><strong>et</strong></span> <span class='ocrx_word' id='word_1_386' title='bbox 1051 4039 1132 4096; x_wconf 90' lang='lat' dir='ltr'><strong>seqq.</strong></span> <span class='ocrx_word' id='word_1_387' title='bbox 1154 4020 1258 4092; x_wconf 82' lang='lat' dir='ltr'><strong>Buuio,</strong></span> <span class='ocrx_word' id='word_1_388' title='bbox 1271 4019 1418 4098; x_wconf 90' lang='lat' dir='ltr'><strong>Wagner,</strong></span> <span class='ocrx_word' id='word_1_389' title='bbox 1440 4018 1616 4089; x_wconf 88' lang='lat' dir='ltr'><strong>Delamalle,</strong></span> <span class='ocrx_word' id='word_1_390' title='bbox 1639 4019 1776 4094; x_wconf 81' lang='lat' dir='ltr'><strong>Oaussiu,</strong></span> <span class='ocrx_word' id='word_1_391' title='bbox 1800 4017 2023 4095; x_wconf 79' lang='lat' dir='ltr'><strong>Eyssenhardt,</strong></span> <span class='ocrx_word' id='word_1_392' title='bbox 2038 4017 2120 4076; x_wconf 91' lang='lat' dir='ltr'><strong>Ben-</strong></span> 
     </span>
     <span class='ocr_line' id='line_1_34' title="bbox 519 4123 2126 4205; baseline -0.003 -19"><span class='ocrx_word' id='word_1_393' title='bbox 519 4127 607 4187; x_wconf 89' lang='lat' dir='ltr'><strong>dicho</strong></span> <span class='ocrx_word' id='word_1_394' title='bbox 631 4148 652 4205; x_wconf 95' lang='lat' dir='ltr'>y</span> <span class='ocrx_word' id='word_1_395' title='bbox 677 4126 789 4205; x_wconf 85' lang='lat' dir='ltr'><strong>Qdilty,</strong></span> <span class='ocrx_word' id='word_1_396' title='bbox 813 4127 963 4198; x_wconf 86' lang='lat' dir='ltr'><strong>Schenkl,</strong></span> <span class='ocrx_word' id='word_1_397' title='bbox 993 4127 1043 4184; x_wconf 89' lang='lat' dir='ltr'><strong>alii</strong></span> <span class='ocrx_word' id='word_1_398' title='bbox 1070 4131 1178 4203; x_wconf 89' lang='lat' dir='ltr'><strong>putant</strong></span> <span class='ocrx_word' id='word_1_399' title='bbox 1200 4123 1243 4184; x_wconf 92' lang='lat' dir='ltr'><strong>ibi</strong></span> <span class='ocrx_word' id='word_1_400' title='bbox 1263 4123 1383 4184; x_wconf 90' lang='lat' dir='ltr'><strong>beluam</strong></span> <span class='ocrx_word' id='word_1_401' title='bbox 1411 4125 1701 4202; x_wconf 89' lang='lat' dir='ltr'><strong>appropinquantem</strong></span> <span class='ocrx_word' id='word_1_402' title='bbox 1725 4143 1793 4184; x_wconf 92' lang='lat' dir='ltr'><strong>cum</strong></span> <span class='ocrx_word' id='word_1_403' title='bbox 1814 4124 1913 4183; x_wconf 91' lang='lat' dir='ltr'><strong>Borea</strong></span> <span class='ocrx_word' id='word_1_404' title='bbox 1941 4125 2126 4203; x_wconf 90' lang='lat' dir='ltr'><strong>comparari:</strong></span> 
     </span>
     <span class='ocr_line' id='line_1_35' title="bbox 519 4233 2126 4313; baseline -0.004 -17"><span class='ocrx_word' id='word_1_405' title='bbox 519 4244 623 4296; x_wconf 92' lang='lat' dir='ltr'><strong>contra</strong></span> <span class='ocrx_word' id='word_1_406' title='bbox 637 4237 798 4298; x_wconf 89' lang='lat' dir='ltr'><strong>Herculem</strong></span> <span class='ocrx_word' id='word_1_407' title='bbox 814 4257 881 4296; x_wconf 89' lang='lat' dir='ltr'><strong>cum</strong></span> <span class='ocrx_word' id='word_1_408' title='bbox 894 4237 993 4296; x_wconf 88' lang='lat' dir='ltr'><strong>Borea</strong></span> <span class='ocrx_word' id='word_1_409' title='bbox 1010 4237 1176 4313; x_wconf 82' lang='lat' dir='ltr'><strong>comparari</strong></span> <span class='ocrx_word' id='word_1_410' title='bbox 1190 4235 1287 4309; x_wconf 82' lang='lat' dir='ltr'><strong>Thilo,</strong></span> <span class='ocrx_word' id='word_1_411' title='bbox 1304 4235 1466 4304; x_wconf 88' lang='lat' dir='ltr'><strong>Summers,</strong></span> <span class='ocrx_word' id='word_1_412' title='bbox 1486 4235 1612 4311; x_wconf 90' lang='lat' dir='ltr'><strong>Langen</strong></span> <span class='ocrx_word' id='word_1_413' title='bbox 1632 4238 1813 4309; x_wconf 89' lang='lat' dir='ltr'><strong>statuerunt,</strong></span> <span class='ocrx_word' id='word_1_414' title='bbox 1836 4233 1946 4310; x_wconf 87' lang='lat' dir='ltr'><strong>quibus</strong></span> <span class='ocrx_word' id='word_1_415' title='bbox 1968 4233 2126 4292; x_wconf 88' lang='lat' dir='ltr'><strong>assentior.</strong></span> 
     </span>
    </p>

    <p class='ocr_par' dir='ltr' id='par_1_5' title="bbox 520 4341 2122 4620">
     <span class='ocr_line' id='line_1_36' title="bbox 598 4341 2117 4426; baseline -0.003 -22"><span class='ocrx_word' id='word_1_416' title='bbox 598 4347 657 4404; x_wconf 88' lang='grc'><strong>556</strong></span> <span class='ocrx_word' id='word_1_417' title='bbox 678 4346 758 4405; x_wconf 87' lang='lat' dir='ltr'><strong>mule</strong></span> <span class='ocrx_word' id='word_1_418' title='bbox 779 4348 875 4405; x_wconf 80' lang='lat' dir='ltr'><strong>laetus</strong></span> <span class='ocrx_word' id='word_1_419' title='bbox 895 4345 927 4403; x_wconf 92' lang='lat' dir='ltr'><strong>id</strong></span> <span class='ocrx_word' id='word_1_420' title='bbox 947 4352 993 4403; x_wconf 87' lang='lat' dir='ltr'><strong>est</strong></span> <span class='ocrx_word' id='word_1_421' title='bbox 1015 4364 1072 4404; x_wconf 88' lang='lat' dir='ltr'><strong>non</strong></span> <span class='ocrx_word' id='word_1_422' title='bbox 1093 4342 1253 4403; x_wconf 89' lang='lat' dir='ltr'><strong>bonafide</strong></span> <span class='ocrx_word' id='word_1_423' title='bbox 1274 4345 1370 4403; x_wconf 91' lang='lat' dir='ltr'><strong>laetus</strong></span> <span class='ocrx_word' id='word_1_424' title='bbox 1391 4341 1475 4422; x_wconf 81' lang='lat' dir='ltr'><strong>{Pius</strong></span> <span class='ocrx_word' id='word_1_425' title='bbox 1495 4354 1527 4403; x_wconf 87' lang='lat' dir='ltr'><strong>et</strong></span> <span class='ocrx_word' id='word_1_426' title='bbox 1547 4343 1649 4426; x_wconf 78' lang='lat' dir='ltr'><strong>seqql.</strong></span> <span class='ocrx_word' id='word_1_427' title='bbox 1670 4343 1835 4420; x_wconf 90' lang='lat' dir='ltr'><strong>Perperam</strong></span> <span class='ocrx_word' id='word_1_428' title='bbox 1854 4344 1987 4403; x_wconf 88' lang='lat' dir='ltr'><strong>Bulaeus</strong></span> <span class='ocrx_word' id='word_1_429' title='bbox 2008 4363 2117 4422; x_wconf 91' lang='lat' dir='ltr'><strong>parum</strong></span> 
     </span>
     <span class='ocr_line' id='line_1_37' title="bbox 520 4451 2122 4532; baseline -0.002 -20"><span class='ocrx_word' id='word_1_430' title='bbox 520 4457 631 4514; x_wconf 89' lang='lat' dir='ltr'><strong>laetum</strong></span> <span class='ocrx_word' id='word_1_431' title='bbox 645 4455 869 4532; x_wconf 87' lang='lat' dir='ltr'><strong>interpretatur.</strong></span> <span class='ocrx_word' id='word_1_432' title='bbox 952 4453 1011 4512; x_wconf 87' lang='grc'><strong>566</strong></span> <span class='ocrx_word' id='word_1_433' title='bbox 1032 4470 1138 4512; x_wconf 88' lang='lat' dir='ltr'><strong>versus</strong></span> <span class='ocrx_word' id='word_1_434' title='bbox 1158 4454 1208 4528; x_wconf 93' lang='lat' dir='ltr'><strong>qui</strong></span> <span class='ocrx_word' id='word_1_435' title='bbox 1230 4453 1260 4510; x_wconf 92' lang='lat' dir='ltr'><strong>in</strong></span> <span class='ocrx_word' id='word_1_436' title='bbox 1276 4451 1300 4511; x_wconf 87' lang='lat' dir='ltr'>C</span> <span class='ocrx_word' id='word_1_437' title='bbox 1314 4472 1344 4509; x_wconf 90' lang='lat' dir='ltr'><strong>m</strong></span> <span class='ocrx_word' id='word_1_438' title='bbox 1365 4452 1391 4511; x_wconf 88' lang='lat' dir='ltr'><strong>T</strong></span> <span class='ocrx_word' id='word_1_439' title='bbox 1413 4453 1524 4529; x_wconf 85' lang='lat' dir='ltr'><strong>legitur</strong></span> <span class='ocrx_word' id='word_1_440' title='bbox 1538 4459 1697 4530; x_wconf 86' lang='lat' dir='ltr'><strong>suspectus</strong></span> <span class='ocrx_word' id='word_1_441' title='bbox 1718 4457 1774 4522; x_wconf 90' lang='lat' dir='ltr'><strong>est,</strong></span> <span class='ocrx_word' id='word_1_442' title='bbox 1790 4458 1824 4510; x_wconf 91' lang='lat' dir='ltr'><strong>ut</strong></span> <span class='ocrx_word' id='word_1_443' title='bbox 1845 4451 1932 4510; x_wconf 91' lang='lat' dir='ltr'><strong>Thilo</strong></span> <span class='ocrx_word' id='word_1_444' title='bbox 1954 4451 2040 4525; x_wconf 80' lang='lat' dir='ltr'><strong>vidit,</strong></span> <span class='ocrx_word' id='word_1_445' title='bbox 2064 4470 2122 4526; x_wconf 91' lang='lat' dir='ltr'><strong>qua</strong></span> 
     </span>
     <span class='ocr_line' id='line_1_38' title="bbox 524 4561 838 4620; baseline -0.013 0"><span class='ocrx_word' id='word_1_446' title='bbox 524 4583 555 4620; x_wconf 89' lang='lat' dir='ltr'><strong>re</strong></span> <span class='ocrx_word' id='word_1_447' title='bbox 578 4563 713 4620; x_wconf 87' lang='lat' dir='ltr'><strong>lacunam</strong></span> <span class='ocrx_word' id='word_1_448' title='bbox 735 4561 838 4617; x_wconf 85' lang='lat' dir='ltr'><strong>statui.</strong></span> 
     </span>
    </p>

    <p class='ocr_par' dir='ltr' id='par_1_6' title="bbox 516 4662 2128 5609">
     <span class='ocr_line' id='line_1_39' title="bbox 600 4662 2124 4744; baseline -0.003 -20"><span class='ocrx_word' id='word_1_449' title='bbox 600 4666 667 4725; x_wconf 90' lang='lat' dir='ltr'><strong>Lib.</strong></span> <span class='ocrx_word' id='word_1_450' title='bbox 690 4665 740 4724; x_wconf 90' lang='lat' dir='ltr'><strong>III</strong></span> <span class='ocrx_word' id='word_1_451' title='bbox 764 4667 800 4724; x_wconf 81' lang='lat'><strong>19</strong></span> <span class='ocrx_word' id='word_1_452' title='bbox 821 4672 964 4726; x_wconf 79' lang='lat' dir='ltr'><strong>noctur-ua</strong></span> <span class='ocrx_word' id='word_1_453' title='bbox 993 4667 1117 4744; x_wconf 85' lang='lat' dir='ltr'><strong>Langen</strong></span> <span class='ocrx_word' id='word_1_454' title='bbox 1138 4685 1192 4742; x_wconf 91' lang='lat' dir='ltr'><strong>pro</strong></span> <span class='ocrx_word' id='word_1_455' title='bbox 1221 4674 1364 4726; x_wconf 76' lang='lat' dir='ltr'><strong>nocturna</strong></span> <span class='ocrx_word' id='word_1_456' title='bbox 1386 4667 1466 4725; x_wconf 83' lang='lat' dir='ltr'><strong>bella</strong></span> <span class='ocrx_word' id='word_1_457' title='bbox 1498 4666 1625 4743; x_wconf 86' lang='lat' dir='ltr'><strong>accipit,</strong></span> <span class='ocrx_word' id='word_1_458' title='bbox 1648 4663 1703 4723; x_wconf 88' lang='lat' dir='ltr'><strong>sed</strong></span> <span class='ocrx_word' id='word_1_459' title='bbox 1723 4664 1829 4722; x_wconf 87' lang='lat' dir='ltr'><strong>melias</strong></span> <span class='ocrx_word' id='word_1_460' title='bbox 1851 4669 1897 4722; x_wconf 87' lang='lat' dir='ltr'><strong>est</strong></span> <span class='ocrx_word' id='word_1_461' title='bbox 1918 4668 2062 4724; x_wconf 75' lang='lat' dir='ltr'><strong>aortruuu</strong></span> <span class='ocrx_word' id='word_1_462' title='bbox 2085 4662 2124 4719; x_wconf 90' lang='lat' dir='ltr'><strong>ad</strong></span> 
     </span>
     <span class='ocr_line' id='line_1_40' title="bbox 517 4770 2035 4850; baseline -0.006 -16"><span class='ocrx_word' id='word_1_463' title='bbox 517 4776 632 4850; x_wconf 75' lang='lat' dir='ltr'><strong>Erinys</strong></span> <span class='ocrx_word' id='word_1_464' title='bbox 652 4774 765 4834; x_wconf 85' lang='lat' dir='ltr'><strong>referre</strong></span> <span class='ocrx_word' id='word_1_465' title='bbox 786 4781 819 4833; x_wconf 90' lang='lat' dir='ltr'><strong>ut</strong></span> <span class='ocrx_word' id='word_1_466' title='bbox 839 4774 933 4834; x_wconf 79' lang='lat' dir='ltr'><strong>Buzio</strong></span> <span class='ocrx_word' id='word_1_467' title='bbox 953 4774 1159 4850; x_wconf 87' lang='lat' dir='ltr'><strong>Pindemonte,</strong></span> <span class='ocrx_word' id='word_1_468' title='bbox 1184 4773 1321 4842; x_wconf 81' lang='lat' dir='ltr'><strong>Causam,</strong></span> <span class='ocrx_word' id='word_1_469' title='bbox 1343 4771 1493 4849; x_wconf 88' lang='lat' dir='ltr'><strong>Gebbing,</strong></span> <span class='ocrx_word' id='word_1_470' title='bbox 1516 4773 1711 4846; x_wconf 82' lang='lat' dir='ltr'><strong>Samuellson,</strong></span> <span class='ocrx_word' id='word_1_471' title='bbox 1734 4772 1785 4829; x_wconf 92' lang='lat' dir='ltr'><strong>alii</strong></span> <span class='ocrx_word' id='word_1_472' title='bbox 1806 4770 2035 4830; x_wconf 87' lang='lat' dir='ltr'><strong>contenderunt.</strong></span> 
     </span>
     <span class='ocr_line' id='line_1_41' title="bbox 516 4877 2125 4960; baseline -0.007 -17"><span class='ocrx_word' id='word_1_473' title='bbox 516 4887 558 4944; x_wconf 87' lang='grc'><strong>40</strong></span> <span class='ocrx_word' id='word_1_474' title='bbox 577 4883 663 4954; x_wconf 85' lang='lat' dir='ltr'><strong>false,</strong></span> <span class='ocrx_word' id='word_1_475' title='bbox 674 4902 742 4942; x_wconf 88' lang='lat' dir='ltr'><strong>mea</strong></span> <span class='ocrx_word' id='word_1_476' title='bbox 762 4885 882 4960; x_wconf 91' lang='lat' dir='ltr'><strong>quidem</strong></span> <span class='ocrx_word' id='word_1_477' title='bbox 903 4885 1060 4954; x_wconf 88' lang='lat' dir='ltr'><strong>sententia,</strong></span> <span class='ocrx_word' id='word_1_478' title='bbox 1084 4883 1215 4942; x_wconf 88' lang='lat' dir='ltr'><strong>Schenkl</strong></span> <span class='ocrx_word' id='word_1_479' title='bbox 1237 4903 1326 4958; x_wconf 71' lang='lat' dir='ltr'><strong>aperus</strong></span> <span class='ocrx_word' id='word_1_480' title='bbox 1348 4903 1416 4941; x_wconf 89' lang='lat' dir='ltr'><strong>cum</strong></span> <span class='ocrx_word' id='word_1_481' title='bbox 1437 4880 1530 4941; x_wconf 80' lang='lat' dir='ltr'><strong>verbo</strong></span> <span class='ocrx_word' id='word_1_482' title='bbox 1546 4881 1618 4940; x_wconf 79' lang='lat' dir='ltr'><strong>lenit</strong></span> <span class='ocrx_word' id='word_1_483' title='bbox 1634 4879 1874 4957; x_wconf 85' lang='lat' dir='ltr'><strong>coniungendam</strong></span> <span class='ocrx_word' id='word_1_484' title='bbox 1888 4883 2001 4937; x_wconf 85' lang='lat' dir='ltr'><strong>censet.</strong></span> <span class='ocrx_word' id='word_1_485' title='bbox 2086 4877 2125 4934; x_wconf 83' lang='grc'><strong>76</strong></span> 
     </span>
     <span class='ocr_line' id='line_1_42' title="bbox 518 4991 2125 5069; baseline -0.003 -17"><span class='ocrx_word' id='word_1_486' title='bbox 518 5012 645 5059; x_wconf 82' lang='lat' dir='ltr'><strong>versum,</strong></span> <span class='ocrx_word' id='word_1_487' title='bbox 668 5011 755 5068; x_wconf 86' lang='lat' dir='ltr'><strong>quem</strong></span> <span class='ocrx_word' id='word_1_488' title='bbox 777 4995 808 5051; x_wconf 90' lang='lat' dir='ltr'><strong>in</strong></span> <span class='ocrx_word' id='word_1_489' title='bbox 829 4993 964 5069; x_wconf 87' lang='lat' dir='ltr'><strong>margine</strong></span> <span class='ocrx_word' id='word_1_490' title='bbox 985 4994 1030 5051; x_wconf 91' lang='lat' dir='ltr'><strong>sui</strong></span> <span class='ocrx_word' id='word_1_491' title='bbox 1052 4993 1164 5052; x_wconf 87' lang='lat' dir='ltr'><strong>codicis</strong></span> <span class='ocrx_word' id='word_1_492' title='bbox 1185 4993 1291 5052; x_wconf 84' lang='lat' dir='ltr'><strong>Carrio</strong></span> <span class='ocrx_word' id='word_1_493' title='bbox 1314 4993 1436 5061; x_wconf 80' lang='lat' dir='ltr'><strong>invenit,</strong></span> <span class='ocrx_word' id='word_1_494' title='bbox 1458 4992 1573 5051; x_wconf 81' lang='lat' dir='ltr'><strong>Valerii</strong></span> <span class='ocrx_word' id='word_1_495' title='bbox 1593 5012 1653 5051; x_wconf 91' lang='lat' dir='ltr'><strong>non</strong></span> <span class='ocrx_word' id='word_1_496' title='bbox 1673 5011 1741 5050; x_wconf 87' lang='lat' dir='ltr'><strong>esse</strong></span> <span class='ocrx_word' id='word_1_497' title='bbox 1762 4991 1850 5049; x_wconf 89' lang='lat' dir='ltr'><strong>Thilo</strong></span> <span class='ocrx_word' id='word_1_498' title='bbox 1872 4991 2040 5050; x_wconf 88' lang='lat' dir='ltr'><strong>rectissime</strong></span> <span class='ocrx_word' id='word_1_499' title='bbox 2061 5009 2125 5049; x_wconf 90' lang='lat' dir='ltr'><strong>mo-</strong></span> 
     </span>
     <span class='ocr_line' id='line_1_43' title="bbox 516 5095 2123 5176; baseline -0.002 -19"><span class='ocrx_word' id='word_1_500' title='bbox 516 5099 590 5157; x_wconf 92' lang='lat' dir='ltr'><strong>nuit.</strong></span> <span class='ocrx_word' id='word_1_501' title='bbox 671 5101 710 5157; x_wconf 78' lang='grc'><strong>95</strong></span> <span class='ocrx_word' id='word_1_502' title='bbox 731 5099 798 5158; x_wconf 72' lang='lat' dir='ltr'><strong>iiiuc</strong></span> <span class='ocrx_word' id='word_1_503' title='bbox 818 5099 901 5157; x_wconf 89' lang='lat' dir='ltr'><strong>varie</strong></span> <span class='ocrx_word' id='word_1_504' title='bbox 923 5098 980 5156; x_wconf 87' lang='lat' dir='ltr'><strong>viri</strong></span> <span class='ocrx_word' id='word_1_505' title='bbox 1001 5097 1081 5156; x_wconf 86' lang='lat' dir='ltr'><strong>docti</strong></span> <span class='ocrx_word' id='word_1_506' title='bbox 1103 5099 1298 5176; x_wconf 83' lang='lat' dir='ltr'><strong>explicarunt.</strong></span> <span class='ocrx_word' id='word_1_507' title='bbox 1329 5097 1538 5167; x_wconf 87' lang='lat' dir='ltr'><strong>Burmannus,</strong></span> <span class='ocrx_word' id='word_1_508' title='bbox 1561 5095 1716 5174; x_wconf 87' lang='lat' dir='ltr'><strong>Wagner,</strong></span> <span class='ocrx_word' id='word_1_509' title='bbox 1739 5095 1952 5164; x_wconf 67' lang='lat' dir='ltr'><strong>Pindemonte,</strong></span> <span class='ocrx_word' id='word_1_510' title='bbox 1976 5095 2123 5156; x_wconf 80' lang='lat' dir='ltr'><strong>Oanssin:</strong></span> 
     </span>
     <span class='ocr_line' id='line_1_44' title="bbox 517 5203 2128 5284; baseline -0.002 -18"><span class='ocrx_word' id='word_1_511' title='bbox 517 5214 641 5283; x_wconf 85' lang='lat' dir='ltr'><strong>aparte</strong></span> <span class='ocrx_word' id='word_1_512' title='bbox 663 5207 897 5284; x_wconf 84' lang='lat' dir='ltr'><strong>Ciaycenorum;</strong></span> <span class='ocrx_word' id='word_1_513' title='bbox 921 5207 1060 5284; x_wconf 88' lang='lat' dir='ltr'><strong>Langen:</strong></span> <span class='ocrx_word' id='word_1_514' title='bbox 1083 5211 1165 5276; x_wconf 83' lang='lat' dir='ltr'><strong>turn,</strong></span> <span class='ocrx_word' id='word_1_515' title='bbox 1188 5205 1317 5269; x_wconf 86' lang='lat' dir='ltr'><strong>demde;</strong></span> <span class='ocrx_word' id='word_1_516' title='bbox 1339 5205 1526 5264; x_wconf 87' lang='lat' dir='ltr'><strong>Delamalle:</strong></span> <span class='ocrx_word' id='word_1_517' title='bbox 1547 5222 1584 5262; x_wconf 85' lang='lat' dir='ltr'><strong>ex</strong></span> <span class='ocrx_word' id='word_1_518' title='bbox 1615 5203 1672 5262; x_wconf 89' lang='lat' dir='ltr'><strong>hac</strong></span> <span class='ocrx_word' id='word_1_519' title='bbox 1700 5223 1800 5263; x_wconf 88' lang='lat' dir='ltr'><strong>causa.</strong></span> <span class='ocrx_word' id='word_1_520' title='bbox 1822 5203 1997 5262; x_wconf 88' lang='lat' dir='ltr'><strong>Burmanuo</strong></span> <span class='ocrx_word' id='word_1_521' title='bbox 2020 5225 2128 5264; x_wconf 88' lang='lat' dir='ltr'><strong>assen-</strong></span> 
     </span>
     <span class='ocr_line' id='line_1_45' title="bbox 517 5311 2127 5392; baseline -0.002 -16"><span class='ocrx_word' id='word_1_522' title='bbox 517 5316 651 5376; x_wconf 84' lang='lat' dir='ltr'><strong>tiendum</strong></span> <span class='ocrx_word' id='word_1_523' title='bbox 673 5335 789 5374; x_wconf 80' lang='lat' dir='ltr'><strong>censeo.</strong></span> <span class='ocrx_word' id='word_1_524' title='bbox 875 5317 931 5375; x_wconf 91' lang='grc'><strong>122</strong></span> <span class='ocrx_word' id='word_1_525' title='bbox 953 5315 1038 5390; x_wconf 72' lang='lat' dir='ltr'><strong>rupi:</strong></span> <span class='ocrx_word' id='word_1_526' title='bbox 1054 5313 1109 5374; x_wconf 88' lang='lat' dir='ltr'><strong>hoc</strong></span> <span class='ocrx_word' id='word_1_527' title='bbox 1129 5313 1220 5374; x_wconf 83' lang='lat' dir='ltr'><strong>verbo</strong></span> <span class='ocrx_word' id='word_1_528' title='bbox 1235 5314 1379 5372; x_wconf 87' lang='lat' dir='ltr'><strong>Hemsius</strong></span> <span class='ocrx_word' id='word_1_529' title='bbox 1393 5320 1425 5371; x_wconf 90' lang='lat' dir='ltr'><strong>et</strong></span> <span class='ocrx_word' id='word_1_530' title='bbox 1438 5312 1533 5371; x_wconf 87' lang='lat' dir='ltr'><strong>Buzio</strong></span> <span class='ocrx_word' id='word_1_531' title='bbox 1547 5330 1651 5370; x_wconf 88' lang='lat' dir='ltr'><strong>servos</strong></span> <span class='ocrx_word' id='word_1_532' title='bbox 1674 5313 1812 5371; x_wconf 89' lang='lat' dir='ltr'><strong>Medouis</strong></span> <span class='ocrx_word' id='word_1_533' title='bbox 1834 5311 1989 5390; x_wconf 87' lang='lat' dir='ltr'><strong>designari</strong></span> <span class='ocrx_word' id='word_1_534' title='bbox 2004 5321 2127 5392; x_wconf 88' lang='lat' dir='ltr'><strong>putant:</strong></span> 
     </span>
     <span class='ocr_line' id='line_1_46' title="bbox 517 5421 2127 5503; baseline -0.001 -20"><span class='ocrx_word' id='word_1_535' title='bbox 517 5425 662 5503; x_wconf 87' lang='lat' dir='ltr'><strong>Wagner.</strong></span> <span class='ocrx_word' id='word_1_536' title='bbox 678 5424 1019 5502; x_wconf 79' lang='lat' dir='ltr'><strong>Huguet,Pindemonte</strong></span> <span class='ocrx_word' id='word_1_537' title='bbox 1042 5425 1072 5482; x_wconf 91' lang='lat' dir='ltr'><strong>id</strong></span> <span class='ocrx_word' id='word_1_538' title='bbox 1094 5425 1132 5482; x_wconf 89' lang='lat' dir='ltr'><strong>ad</strong></span> <span class='ocrx_word' id='word_1_539' title='bbox 1154 5425 1319 5502; x_wconf 84' lang='lat' dir='ltr'><strong>Cyzicenos</strong></span> <span class='ocrx_word' id='word_1_540' title='bbox 1339 5442 1442 5482; x_wconf 87' lang='lat' dir='ltr'><strong>omnes</strong></span> <span class='ocrx_word' id='word_1_541' title='bbox 1462 5423 1613 5500; x_wconf 88' lang='lat' dir='ltr'><strong>pertinere</strong></span> <span class='ocrx_word' id='word_1_542' title='bbox 1636 5421 1833 5480; x_wconf 85' lang='lat' dir='ltr'><strong>arbitrantur:</strong></span> <span class='ocrx_word' id='word_1_543' title='bbox 1858 5423 1970 5482; x_wconf 86' lang='lat' dir='ltr'><strong>rectius</strong></span> <span class='ocrx_word' id='word_1_544' title='bbox 1986 5424 2127 5501; x_wconf 72' lang='lat' dir='ltr'><strong>Bentley.</strong></span> 
     </span>
     <span class='ocr_line' id='line_1_47' title="bbox 517 5530 2122 5609; baseline 0.001 -19"><span class='ocrx_word' id='word_1_545' title='bbox 517 5533 716 5590; x_wconf 84' lang='lat' dir='ltr'><strong>Burmannus.</strong></span> <span class='ocrx_word' id='word_1_546' title='bbox 740 5531 875 5590; x_wconf 83' lang='lat' dir='ltr'><strong>Caussin.</strong></span> <span class='ocrx_word' id='word_1_547' title='bbox 897 5532 1053 5591; x_wconf 84' lang='lat' dir='ltr'><strong>Bendicho</strong></span> <span class='ocrx_word' id='word_1_548' title='bbox 1074 5553 1094 5608; x_wconf 80' lang='lat' dir='ltr'>y</span> <span class='ocrx_word' id='word_1_549' title='bbox 1116 5531 1231 5608; x_wconf 72' lang='lat' dir='ltr'><strong>Qllilty.</strong></span> <span class='ocrx_word' id='word_1_550' title='bbox 1254 5533 1378 5604; x_wconf 76' lang='lat' dir='ltr'><strong>Langen</strong></span> <span class='ocrx_word' id='word_1_551' title='bbox 1401 5531 1560 5589; x_wconf 75' lang='lat' dir='ltr'><strong>Medorum</strong></span> <span class='ocrx_word' id='word_1_552' title='bbox 1574 5538 1603 5587; x_wconf 83' lang='lat' dir='ltr'><strong>ct</strong></span> <span class='ocrx_word' id='word_1_553' title='bbox 1620 5530 1774 5609; x_wconf 75' lang='lat' dir='ltr'><strong>Genysuru</strong></span> <span class='ocrx_word' id='word_1_554' title='bbox 1797 5531 1984 5603; x_wconf 74' lang='lat' dir='ltr'><strong>intellegunt.</strong></span> <span class='ocrx_word' id='word_1_555' title='bbox 2071 5533 2122 5592; x_wconf 73' lang='lat'><strong>181</strong></span> 
     </span>
    </p>
   </div>
   <div class='ocr_carea' id='block_1_5' title="bbox 0 0 2438 6727">
    <p class='ocr_par' dir='ltr' id='par_1_7' title="bbox 0 0 2438 6727">
     <span class='ocr_line' id='line_1_48' title="bbox 0 0 2438 6727; baseline 0 0"><span class='ocrx_word' id='word_1_556' title='bbox 0 0 2438 6727; x_wconf 95' lang='lat' dir='ltr'><strong> </strong></span> 
     </span>
    </p>
   </div>
  </div>
 </body>
</html>
