4867 6734
841 583 1163 640 PROLEGOMBNON
1182 586 1311 640 CAPVT
1329 588 1381 642 lv.
1834 589 1916 642 XLV

387 733 455 794 Lib.
477 735 521 794 VI
548 737 642 795 22-23
670 737 824 814 promisso
856 737 1001 814 fideliaque
1029 757 1091 798 esar
1124 741 1185 798 loeo
1217 739 1409 798 Burmannus
1436 758 1503 799 esse
1529 742 1711 819 tempestiva
1738 741 1918 820 explicavit;

290 844 379 929 ¹Pius
399 845 638 921 posterioresque
659 843 800 906 habitura
821 847 918 905 locum
940 853 971 905 at
992 847 1155 906 effectum:
1177 847 1257 922 quod
1278 850 1364 908 malo.
1446 851 1486 908 26
1500 850 1596 910 medio
1612 856 1741 926 tempore
1754 869 1814 908 non
1826 851 1918 930 expli-

306 947 435 1007 candum
456 954 502 1008 est
523 956 611 1010 nocte
632 948 724 1032 [Pius⁷
746 951 922 1028 Delamalle,
946 952 1090 1035 Langeul.
1124 953 1179 1012 sed
1200 954 1388 1016 induciarum
1409 961 1544 1034 tempore
1569 954 1784 1037 [Burmannus.
1813 955 1917 1017 Buaio.

305 1054 523 1140 Pindemontel.
604 1061 643 1119 27
666 1063 902 1122 careres-rubor:
922 1061 1057 1138 Heinsio.
1072 1061 1254 1139 Burmanno,
1269 1063 1372 1141 Bucio,
1387 1065 1575 1137 Delamallio‚
1591 1065 1736 1144 Langano
1750 1064 1844 1124 rubor
1860 1067 1918 1124 iate

305 1179 340 1219 ex
363 1162 467 1240 clypeo
487 1163 597 1224 Martis
619 1171 703 1226 ortus
723 1185 790 1226 esse
812 1168 953 1240 videtur:
975 1169 1073 1228 minus
1095 1175 1176 1228 recte
1198 1170 1338 1230 ruborem
1351 1172 1525 1258 'monadum
1545 1179 1685 1232 naturam
1698 1192 1753 1250 per
1766 1174 1916 1232 Auroram

305 1271 447 1330 effectum
468 1271 618 1332 Maserius
632 1278 663 1332 et
678 1271 806 1333 Caussin
827 1274 1044 1334 intellexerrmt.
1127 1277 1166 1334 47
1187 1279 1318 1354 orbaque
1338 1279 1454 1338 beatior
1475 1280 1549 1338 cula
1569 1279 1696 1357 Langen
1711 1279 1755 1337 sic
1770 1278 1918 1354 interpre-

305 1385 387 1440 tatus
408 1387 476 1440 est:
499 1379 615 1440 beatior
635 1401 723 1458 quam
742 1381 831 1442 Iason
853 1383 903 1459 qui
925 1389 1091 1442 monstrum
1113 1385 1143 1442 in
1165 1386 1387 1444 matrimonium
1408 1385 1537 1446 duxerit.
1560 1387 1622 1446 Sed
1642 1387 1737 1445 tutius
1758 1391 1805 1445 est
1825 1387 1917 1464 expli-

278 1543 282 1552 .
305 1491 453 1550 ostionem
475 1509 661 1550 communem
683 1491 836 1568 recipere:
858 1489 975 1550 beatior
989 1511 1078 1567 quam
1098 1493 1124 1550 ai
1146 1493 1206 1550 voti
1229 1513 1349 1572 compos
1369 1495 1494 1554 thalami
1507 1497 1599 1554 talem
1613 1493 1724 1555 sociam
1740 1497 1916 1574 accepisset.

387 1598 426 1656 63
446 1597 579 1674 spatium
597 1599 695 1656 crines
709 1599 898 1675 provectiore
911 1603 1011 1658 aetate
1025 1600 1175 1676 longiores
1189 1599 1287 1660 factus
1301 1601 1433 1660 editores
1445 1602 1632 1680 intellegunt.
1655 1600 1768 1661 Contra
1780 1600 1916 1676 Langen

304 1705 426 1764 calvitie
446 1711 549 1764 exorta
570 1705 699 1783 spatium
722 1705 812 1766 datur
826 1706 865 1765 ad
880 1713 971 1785 caput
985 1708 1272 1786 circumligandum:
1287 1711 1402 1769 melius.
1484 1710 1523 1768 87
1539 1711 1693 1784 depenerer
1705 1709 1738 1768 id
1752 1715 1800 1767 est
1813 1707 1914 1768 servili

303 1814 421 1890 origine
444 1811 604 1895 [Maserius
626 1823 657 1875 et
675 1814 778 1897 aeqq.].
800 1817 873 1876 Pius
895 1817 1077 1894 explicavit:
1100 1818 1320 1896 degenerantes
1341 1839 1359 1877 a
1381 1819 1553 1878 maioribus.
1637 1819 1675 1876 92
1696 1803 1800 1878 auum:
1814 1825 1916 1877 utrum

304 1941 394 2000 apros
415 1919 626 2004 {Burmannus
648 1924 760 1998 Bauio,
783 1924 1001 2001 Pindemonto‚
1023 1925 1209 1985 Delamalle.
1233 1926 1371 2008 Causain}
1392 1947 1432 1986 an
1457 1927 1607 2004 hystrices
1628 1925 1730 2008 ΙΡίιιε,
1755 1927 1914 1992 Maserius.

306 2030 462 2108 Wagner.
485 2031 628 2108 Huguet.
650 2031 787 2113 Langen]
810 2033 865 2092 boc
889 2034 953 2093 loco
973 2039 1062 2112 poeta
1083 2034 1263 2094 indicaverit
1282 2053 1343 2093 non
1364 2037 1482 2094 omnino
1503 2037 1613 2111 liquet:
1638 2036 1715 2094 malo
1739 2042 1839 2094 tamen
1867 2034 1915 2093 Pii

305 2139 486 2197 sententiam
510 2140 659 2217 amplecti.
742 2143 801 2200 120
822 2143 952 2204 discolor
972 2163 1031 2202 non
1053 2144 1090 2203 de
1112 2146 1210 2204 colore
1232 2144 1319 2204 faciei
1342 2143 1511 2226 [Caussin]‚
1533 2145 1588 2205 sed
1609 2145 1647 2203 de
1667 2145 1798 2204 vestium
1818 2164 1914 2202 armo

305 2266 428 2324 rumque
450 2247 596 2307 varietate
621 2248 831 2328 accipiendum
852 2256 909 2308 eat.
996 2251 1053 2308 160
1073 2251 1199 2324 prasinis
1227 2257 1388 2327 aequantes
1409 2252 1546 2312 curribus
1574 2252 1652 2310 clos.
1674 2250 1756 2309 Male
1776 2249 1915 2326 Wagner

302 2363 334 2416 et
347 2375 439 2432 seqq.:
454 2375 491 2415 ex
505 2369 631 2431 utraque
646 2361 733 2432 parte
749 2356 825 2414 aciei
843 2355 947 2414 eodem
962 2375 1085 2414 numero
1100 2375 1212 2416 cornua
1226 2361 1372 2416 tenentes.
1387 2357 1484 2416 Multo
1504 2356 1628 2434 propius
1643 2356 1682 2414 ad
1697 2375 1800 2415 reram
1821 2358 1914 2436 expli·

302 2466 450 2525 cationum
480 2464 618 2523 Koestlin
641 2469 672 2522 et
692 2463 814 2522 Heeren
848 2470 1057 2524 accesserunt:
1087 2464 1135 2523 die
1164 2466 1220 2524 mit
1248 2465 1344 2524 ihrem
1375 2465 1481 2541 Bogen
1503 2465 1572 2524 dem
1593 2465 1772 2542 Vogalfluge
1800 2466 1914 2542 gleich-

301 2575 447 2633 kommen.
532 2574 590 2632 188
610 2575 693 2633 ritae
713 2572 762 2630 hic
784 2591 838 2650 pro
863 2573 1010 2648 sanguine
1032 2592 1098 2632 esse
1121 2573 1248 2634 Caussiu
1271 2580 1301 2633 et
1322 2574 1447 2651 Huguet
1462 2576 1680 2634 existimarunt.
1698 2573 1825 2633 Rectius
1838 2575 1912 2633 Pius

300 2681 479 2758 explicarit:
503 2701 628 2760 corpora
649 2681 783 2740 viventia
805 2680 904 2739 adhuc
923 2680 978 2740 sed
993 2682 1117 2742 vulnere
1131 2687 1248 2753 atrata:
1263 2684 1349 2758 eique
1363 2684 1545 2761 posteriores
1559 2684 1675 2742 assensi
1691 2690 1770 2740 sunt.
1851 2685 1913 2742 204

304 2793 491 2852 recreato-at
512 2791 600 2851 carni.
621 2790 813 2849 Burmannus
834 2795 865 2850 et
885 2790 979 2850 Buaio
1000 2793 1044 2850 sic
1066 2793 1225 2852 ordinant:
1247 2792 1333 2852 dives
1354 2791 1392 2851 ab
1414 2794 1492 2851 omni
1507 2799 1651 2851 armento.
1668 2793 1781 2853 Contra
1794 2792 1868 2852 Pius
1881 2801 1912 2852 at

300 2917 403 2974 seqq.:
425 2899 574 2958 nutrierat
595 2903 751 2977 separatos
773 2897 810 2957 ad
829 2899 975 2960 militiam.
990 2901 1094 2959 nolens
1108 2921 1159 2960 eos
1181 2903 1410 2961 interamenta
1425 2902 1556 2961 versari:
1578 2902 1691 2961 rectius
1711 2923 1778 2962 mea
1791 2903 1911 2979 quidem

303 3009 462 3068 sententia.
544 3009 604 3067 205
626 3007 830 3084 salis-irriquia·
850 3027 910 3067 non
931 3007 1097 3068 ablativum
1117 3007 1325 3089 [Pindemonte
1344 3011 1383 3070 ed
1404 3008 1561 3092 Caussin]‚
1584 3011 1638 3070 sed
1663 3011 1798 3069 dativum
1829 3007 1912 3090 [Pius

304 3120 335 3173 et
356 3111 449 3194 seqq]
472 3114 622 3190 intellego.
705 3115 764 3173 209
786 3115 917 3175 constitit
938 3115 989 3173 vix
1010 3135 1134 3174 sanum:
1157 3117 1334 3176 transitivos
1356 3118 1433 3177 enim
1456 3117 1634 3178 consistendi
1649 3115 1733 3175 verbi
1757 3135 1829 3175 usus
1843 3137 1912 3175 nurs-

299 3243 389 3298 quam
410 3224 568 3301 reperitur.
592 3221 735 3282 Codicum
757 3223 914 3281 lectionem
934 3224 1069 3300 plerique
1089 3230 1298 3294 servaverunt,
1311 3225 1365 3283 sed
1387 3244 1482 3300 neque
1502 3231 1573 3302 post
1593 3225 1798 3301 alipedemque
1818 3227 1910 3285 inter-

302 3329 465 3408 pungendo
486 3347 588 3386 omnes
609 3325 803 3387 difficultates
823 3328 969 3386 tolluntur
989 3348 1084 3404 nequa
1104 3328 1272 3388 Burmanni
1290 3337 1321 3390 et
1335 3328 1473 3390 Causaini
1487 3329 1735 3408 explicationibus
1748 3330 1910 3408 quidquam

298 3435 479 3516 proficimus.
491 3435 630 3496 Constitit
652 3435 745 3510 igitur
766 3434 941 3494 mutandum
961 3441 1024 3494 est:
1040 3435 1096 3496 sed
1110 3437 1308 3513 coniecturae.
1324 3457 1399 3513 quas
1412 3437 1565 3498 Heinsius.
1582 3438 1728 3514 Wagner.
1743 3437 1908 3509 Baehrens.

297 3543 436 3604 Koestlin
457 3543 666 3622 protulerunt.
701 3540 876 3602 audaciores
898 3547 967 3601 sunt
989 3563 1077 3618 quam
1099 3561 1174 3619 quae
1205 3543 1397 3621 recipiantur.
1427 3544 1556 3618 Contigit
1577 3545 1704 3622 scripsi,
1736 3544 1854 3620 quoda
1876 3547 1910 3604 li·

298 3655 421 3714 brorum
445 3653 553 3712 litteris
572 3653 670 3711 minus
685 3653 773 3729 longe
789 3652 920 3712 recedat.
1003 3653 1063 3710 224
1077 3651 1167 3712 silvia·
1180 3651 1353 3730 significare
1367 3650 1566 3713 Webebaum.
1582 3651 1763 3711 Webestuhl
1777 3652 1908 3712 Schenkl

299 3767 395 3840 putat.
419 3760 557 3834 Wagner
578 3766 608 3817 et
629 3757 772 3834 Gabbing
793 3757 831 3817 de
852 3760 979 3818 materia
1000 3757 1039 3816 ad
1061 3757 1221 3817 texendum
1243 3760 1273 3816 in
1293 3759 1379 3816 silvis
1394 3757 1483 3816 obvia
1497 3758 1691 3830 intellegunt:
1706 3757 1762 3816 sed
1775 3758 1831 3816 hoc
1845 3758 1910 3818 loco

296 3871 388 3932 silvia
408 3889 463 3946 pro
485 3870 515 3929 iu
535 3869 626 3928 silvia
646 3869 776 3945 positum
797 3887 863 3927 esse
885 3868 1095 3942 Burmannus,
1117 3866 1230 3941 Buzio,
1253 3867 1400 3937 Causam,
1421 3867 1566 3944 Huguet,
1589 3866 1733 3943 Langen,
1755 3867 1910 3928 Summers

274 3953 277 3962 Δ
299 3977 411 4036 rectius
425 3979 615 4036 censuemmt.
698 3975 758 4032 229
773 3974 864 4034 densa
878 3979 1016 4032 neutrum
1030 3973 1156 4052 pluralia
1171 3971 1357 4054 [Delamalle.
1372 3973 1508 4046 Huguet,
1519 3973 1615 4043 Thilo.
1628 3972 1768 4039 Schenkl.
1781 3972 1908 4034 Kubler.

298 4081 436 4165 Langen]
457 4080 629 4141 habendum
643 4087 707 4140 est:
723 4081 774 4139 alii
788 4077 945 4160 [Wagner‚
962 4079 1097 4155 Ceussin,
1113 4079 1168 4137 Ph.
1181 4078 1328 4156 Wagner.
1343 4078 1495 4160 Gebbing]
1511 4077 1677 4138 ablativum
1689 4080 1909 4140 intellexerunt.

378 4189 439 4248 238
454 4189 531 4248 hunc
551 4189 649 4248 locum
672 4188 773 4246 multis
794 4191 966 4264 simpectum
988 4189 1099 4264 optime
1119 4185 1312 4244 Burmannus
1332 4185 1502 4262 explicavit.
1585 4187 1644 4244 247
1667 4187 1823 4263 liquuntur
1842 4191 1910 4248 rul-

298 4319 367 4358 uere
380 4300 480 4358 malae
494 4296 526 4355 id
541 4301 586 4354 est
601 4315 689 4356 cruor
704 4293 809 4353 defluit
823 4313 877 4371 per
898 4294 1002 4352 malas.
1018 4293 1098 4352 Male
1112 4293 1185 4352 Pius
1199 4301 1231 4352 et
1243 4293 1450 4352 Burmannus:
1465 4295 1561 4352 malae
1575 4293 1765 4372 franguntur.
1848 4299 1909 4356 aba

298 4409 521 4468 adurerer-conlo
537 4405 672 4464 dativum
687 4425 754 4463 cum
769 4402 1136 4478 Pio.Thi10ne‚Langeno
1151 4401 1359 4479 accipiendum
1369 4408 1457 4479 puto:
1480 4401 1672 4462 Burmannus
1686 4409 1717 4462 et
1731 4423 1813 4481 seqq.
1825 4405 1908 4466 abla-

296 4515 402 4572 tivum.
485 4511 544 4570 323
566 4511 660 4585 saeile
680 4511 763 4569 varie
784 4510 964 4588 explicatum
986 4513 1041 4566 eet.
1062 4509 1149 4566 Pius:
1171 4527 1248 4584 quae
1261 4506 1350 4567 facile
1362 4510 1528 4586 expugnari
1542 4515 1682 4586 possent:
1704 4509 1907 4577 Burmannus.

298 4617 472 4686 Delamalle
490 4616 626 4688 Caussin,
640 4616 786 4694 Huguet:
808 4618 883 4691 quae
905 4615 1022 4675 cultiori
1038 4621 1068 4674 et
1082 4614 1250 4674 humaniori
1272 4615 1353 4673 vitae
1373 4612 1462 4673 facile
1483 4615 1583 4673 omnia
1603 4616 1814 4693 suppeditant;
1841 4619 1908 4678 Ma-

296 4722 402 4796 serius.
424 4721 528 4792 Buaio,
549 4721 693 4799 Langen:
716 4722 887 4799 hospitales.
908 4722 1082 4781 Burmanno
1104 4723 1260 4780 assentior.
1343 4721 1402 4779 422
1424 4723 1730 4784 haerentes-coraibus
1752 4724 1826 4784 altis
1841 4725 1907 4784 Ma·

296 4830 401 4887 serius.
414 4827 614 4888 Burmannus.
627 4827 832 4902 Pindemonte
845 4827 1020 4897 Delamalle‚
1034 4826 1189 4886 Bendicbo
1208 4849 1230 4904 y
1253 4825 1539 4904 Quilry‚Ha1·man‹1
1560 4830 1602 4886 ita
1623 4830 1814 4907 interpretati
1825 4837 1907 4888 suut:

296 4957 402 4998 cervos
416 4937 577 5014 implicitos
590 4938 680 4996 ramis
692 4934 841 4996 arborum.
853 4935 978 4996 Rectius
992 4936 1075 5006 Pius,
1087 4935 1189 4999 Buzio.
1198 4935 1346 5011 Wagner,
1359 4933 1496 5003 Caussin.
1508 4935 1642 5011 Huguet,
1652 4935 1789 5012 Langen:
1801 4957 1908 4996 cervos

296 5048 375 5104 inter
396 5064 429 5104 se
450 5045 599 5103 luctantes
620 5043 819 5119 cornibusque
841 5045 1011 5121 implicitos.
1094 5045 1154 5102 435
1166 5063 1281 5118 pascuo
1296 5063 1352 5120 pro
1366 5041 1553 5102 armantibus
1566 5042 1762 5120 pascentibus
1776 5046 1906 5122 positum

295 5171 362 5211 esse
383 5151 508 5230 Langen
531 5159 613 5210 recte
634 5151 719 5210 vidit.
743 5159 852 5212 coclea
874 5151 1012 5228 Wagner
1034 5151 1182 5227 intellegit
1204 5159 1350 5209 mortem:
1372 5150 1464 5225 Pius.
1487 5150 1645 5215 Maserius.
1670 5169 1762 5226 seqq.:
1791 5149 1906 5211 furnum

295 5261 526 5318 densissimum:
550 5259 665 5319 melius.
748 5262 804 5320 561
829 5281 932 5320 caraea
952 5261 1025 5318 Pius
1040 5261 1188 5338 explicat:
1211 5259 1357 5337 spoliatus
1377 5276 1522 5336 corpore;
1545 5259 1713 5317 Maserius:
1736 5279 1842 5318 cassus
1865 5262 1907 5320 lu-

296 5368 395 5440 mine;
418 5367 545 5427 Caussin
566 5374 598 5428 et
617 5369 762 5446 Huguet:
784 5371 955 5430 incassum:
977 5369 1164 5429 Delamalle:
1188 5387 1292 5427 cassus
1313 5368 1478 5443 sanguiuo;
1500 5365 1698 5425 Pindernonte
1718 5374 1750 5426 et
1771 5367 1907 5447 Langen:

296 5473 510 5534 moribundus:
532 5476 588 5535 sed
608 5495 711 5536 cosmas
733 5474 771 5534 ad
793 5475 924 5536 unimam
947 5477 1096 5552 lucemque
1117 5493 1224 5534 versus
1252 5471 1461 5551 praecedentis
1482 5471 1673 5531 referendum
1695 5479 1761 5537 est.
1783 5479 1817 5532 ut
1847 5474 1909 5532 Leo

296 5583 380 5642 uidit.
405 5585 540 5656 serebant
561 5605 616 5662 pro
638 5583 816 5643 arrferebant
837 5585 989 5662 accipiens
1011 5585 1039 5642 in
1063 5592 1180 5662 turpem
1201 5601 1334 5641 errorem
1355 5581 1493 5656 Wagner
1515 5581 1616 5658 lapsus
1637 5588 1702 5640 est:
1726 5587 1809 5640 recte
1834 5583 1908 5640 Pius
