4867 6734
848 622 1171 680 PBOLBGOMKNON
1190 627 1319 682 carta
1338 627 1390 682 Il'.
1795 631 1910 684 XLl'll

303 768 416 851 [Weitz
438 781 468 832 et
489 775 627 858 Caussin}
650 779 695 836 val
719 779 879 856 prudentia
899 778 984 861 [Pius
1006 787 1036 840 et
1062 781 1264 864 Burmannus}
1293 786 1527 862 intellegendum
1555 795 1610 847 est.
1640 788 1720 847 Male
1747 789 1916 847 Maserius:

304 881 401 939 minor
422 882 579 958 dignitate.
662 887 722 946 368
742 888 798 946 hoc
819 889 883 948 loco
905 889 943 948 (16
964 895 1098 968 tempore
1121 893 1170 968 agi
1190 913 1248 968 quo
1268 891 1324 953 flos
1344 897 1394 954 ille
1415 895 1455 954 ab
1476 897 1592 956 Hecate
1613 899 1805 976 colligeretur
1826 906 1909 959 recte

303 985 385 1055 Pius,
408 986 560 1065 Heinsius,
583 990 775 1052 Burmannus
796 991 937 1053 arbitrati
959 1000 1039 1054 sunt.
1063 997 1211 1056 Maserius
1233 999 1340 1076 aliique
1355 1006 1485 1060 mentem
1498 1007 1604 1079 poetae
1618 1022 1676 1061 non
1691 1004 1910 1064 intellexeruut.

386 1093 447 1153 394
474 1095 587 1158 Venus·
607 1097 664 1156 dea
685 1098 809 1174 scilicet,
832 1119 891 1158 non
914 1101 998 1160 sidus
1020 1107 1053 1160 ut
1074 1105 1246 1180 nuperrime
1266 1105 1352 1182 Bury
1368 1106 1531 1166 contendit.
1614 1110 1672 1166 441
1689 1112 1764 1169 tuuc
1778 1111 1909 1170 6616166(

221 1239 232 1257 .
300 1223 489 1278 purascere
511 1208 647 1267 manabat
668 1208 804 1280 fannis:
826 1209 973 1268 immerito
995 1209 1070 1270 haec
1091 1210 1184 1270 verba
1205 1213 1307 1271 multis
1328 1220 1470 1292 suspecta
1490 1216 1557 1274 visa
1576 1221 1665 1274 sunt:
1687 1218 1709 1274 ii
1730 1222 1840 1290 autem,
1861 1220 1913 1292 qui

303 1307 439 1368 codicum
461 1311 618 1371 lectionem
640 1319 838 1374 servaverunt
853 1317 945 1374 variis
966 1317 1063 1375 modis
1084 1323 1180 1376 totum
1201 1319 1297 1378 locum
1320 1321 1515 1399 explicarunt.
1526 1321 1668 1382 Vossius:
1683 1343 1750 1383 mea
1764 1324 1865 1381 anima
1877 1344 1913 1384 ex

303 1422 390 1495 parte
410 1423 510 1478 tecum
532 1418 639 1480 suisset
661 1424 780 1501 sepulta
801 1425 827 1481 ai
848 1425 998 1501 periisses.
1022 1424 1133 1484 Contra
1155 1427 1293 1486 Koestlin
1312 1433 1401 1506 putat
1423 1428 1563 1488 Medeam
1583 1437 1718 1507 questam
1741 1450 1808 1489 esse
1833 1431 1912 1506 quod

304 1545 413 1604 corpus
434 1526 551 1587 Iasonis
572 1529 631 1590 sibi
652 1532 855 1609 sepelIendum
878 1540 967 1594 esset.
999 1534 1074 1593 Mihi
1095 1535 1213 1610 quidem
1246 1537 1383 1614 Langeni
1404 1540 1554 1597 sententia
1573 1540 1746 1618 perplacet:
1765 1546 1822 1599 'me
1850 1561 1912 1598 ma-

303 1633 395 1694 nebat
417 1636 580 1714 adspectus
601 1638 718 1699 funeris
739 1642 792 1700 tui.
876 1643 935 1720 4472
957 1663 1013 1703 666
1034 1663 1119 1703 mea:
1140 1645 1273 1704 Hecates
1285 1645 1411 1721 scilicet.
1427 1652 1460 1704 ut
1474 1648 1533 1706 iam
1547 1647 1692 1707 Heinsius
1708 1649 1792 1707 vidit.
1808 1649 1912 1707 Minus

302 1748 384 1800 recte
405 1743 571 1803 Maserius:
594 1745 717 1806 deorum
742 1748 788 1807 vel
810 1748 943 1819 Iasonis;
966 1750 1104 1828 Wagner
1125 1759 1155 1810 et
1175 1752 1316 1830 Huguet:
1339 1773 1398 1811 non
1419 1755 1516 1812 animo
1537 1753 1681 1814 obsecuta
1695 1775 1768 1829 meo,
1784 1754 1839 1814 sed
1854 1757 1909 1812 rni-

301 1849 466 1908 sericordia
486 1853 531 1910 tui
552 1859 719 1928 commota;
742 1855 869 1916 Caussin
883 1877 889 1914 :
904 1856 969 1916 fati.
1052 1860 1108 1916 551
1127 1867 1205 1918 launi
1221 1879 1280 1918 non
1295 1859 1334 1919 ad
1348 1861 1481 1918 Graium.
1504 1870 1537 1918 ut
1558 1862 1742 1939 ineptissime
1764 1862 1907 1937 Schenkl,

301 1956 355 2016 sed
377 1958 417 2015 ad
438 1959 599 2020 draconem
621 1960 815 2022 referendum
837 1971 901 2023 est:
924 1965 1035 2024 Aeetes
1061 1967 1137 2024 enirn
1161 1986 1292 2025 amorem
1313 1966 1439 2026 Medeae
1460 1988 1535 2044 erga
1554 1968 1692 2028 Iasonem
1714 1971 1803 2047 plane
1825 1971 1910 2044 igno·

246 2107 249 2113 -
300 2065 398 2126 rabat.
480 2071 539 2128 652
563 2077 666 2145 troya:
687 2073 807 2132 velleris
830 2093 936 2152 nempe
958 2071 1041 2154 [Pius
1062 2081 1092 2134 et
1114 2073 1215 2156 66661Ι
1232 2096 1290 2133 666
1305 2077 1444 2135 draconis
1459 2074 1608 2156 {Wagner
1629 2082 1659 2136 et
1680 2077 1825 2160 Huguetl.

301 2177 465 2236 66016666
486 2179 712 2238 vexatissimus:
734 2181 807 2256 quid
828 2183 906 2241 enim
930 2185 1000 2244 acris
1021 2183 1078 2242 sibi
1102 2184 1173 2242 velit
1197 2184 1276 2242 clare
1298 2205 1355 2242 uon
1384 2186 1485 2260 liquet.
1507 2185 1580 2244 Pius
1601 2188 1716 2245 caelum
1741 2188 1907 2260 intellexit3

299 2287 458 2363 Maserius,
482 2286 644 2362 d’Orville,
666 2287 787 2364 Harlos,
810 2289 948 2365 Gaussin,
970 2291 1117 2352 Lemaire.
1141 2293 1276 2369 Huguet,
1297 2292 1487 2369 Nisard,Ph.
1508 2293 1648 2371 Wagner
1668 2313 1808 2367 curmm3
1830 2296 1908 2355 Bur-

298 2413 434 2452 mannus
456 2394 550 2470 Beck,
571 2394 779 2472 Pindemonte,
794 2396 943 2474 Wagner,
967 2398 1142 2474 Delamalle,
1168 2399 1320 2459 Bendiclro
1340 2421 1361 2477 y
1382 2398 1496 2477 Quilty,
1519 2401 1650 2460 Schenkl
1671 2403 1741 2461 olim
1761 2404 1906 2475 Arctum;

297 2501 392 2560 Buzio
414 2521 509 2576 axem,
521 2521 645 2561 currus:
667 2502 806 2562 Koestlin
828 2507 929 2564 solem.
952 2506 1083 2566 Maserio
1097 2507 1216 2582 quidem
1232 2509 1399 2567 assentior:
1421 2513 1513 2566 totam
1530 2511 1782 2585 comparationem
1795 2513 1907 2588 optime

297 2607 443 2667 d'Orville
457 2609 626 2686 explicavit.
710 2611 770 2670 664
793 2613 978 2686 longissima:
992 2613 1108 2672 scilicet
1122 2615 1321 2672 remotissima
1336 2612 1426 2695 [Pius.
1442 2615 1585 2686 Paraeus,
1595 2613 1749 2689 Barthius,
1761 2615 1904 2690 Mardus,

296 2715 405 2790 Weitz,
428 2715 603 2791 Delamalle,
626 2718 772 2801 Langenl.
794 2719 896 2777 Minus
922 2728 1003 2779 recte
1024 2719 1225 2794 Burmannus
1247 2721 1350 2780 Buzio.
1371 2722 1577 2795 Pindemonte.
1599 2721 1745 2800 Wagner,
1767 2723 1904 2798 Huguet,

295 2825 361 2883 alii:
384 2827 577 2904 amplissima.
661 2829 797 2889 61866(
819 2830 851 2888 id
873 2838 920 2888 est
942 2836 1086 2909 provocat
1101 2827 1183 2910 [Pius
1205 2835 1235 2888 et
1257 2827 1359 2910 seqql.
1381 2831 1462 2888 Male
1482 2830 1631 2888 Maserius
1652 2838 1682 2888 et
1702 2829 1903 2888 Burmannus:

296 2935 423 3010 repellit.
506 2936 566 2994 619
588 2957 654 2996 ense
674 2937 795 3014 aequori
820 2938 863 2996 ita
882 2938 1015 2997 Bulaeus
1037 2939 1254 3014 interpretatus
1274 2944 1339 2997 est:
1361 2956 1432 2996 ense
1453 2945 1555 2995 tauros
1569 2938 1771 3014 prosequenti.
1793 2937 1904 2996 Melius

295 3041 368 3100 Pius
388 3049 419 3102 et
441 3064 540 3121 seqq:
563 3064 634 3103 ense
656 3045 795 3104 celeriter
817 3045 939 3104 dextrae
961 3045 1078 3104 Iasonis
1099 3043 1283 3121 obsequenti.
1367 3045 1426 3102 649
1446 3044 1583 3105 redditus
1596 3043 1734 3102 Koestlin
1750 3046 1794 3102 sic
1811 3045 1904 3122 expli-

295 3150 396 3208 cavit:
419 3147 562 3208 ertriscbt
583 3149 848 3226 hervorgataucht.
872 3149 998 3209 Rectius
1019 3151 1156 3228 Wagner
1179 3157 1209 3208 et
1232 3169 1322 3226 seqq:
1347 3169 1495 3208 reversus.

376 3257 443 3316 Lib.
466 3257 544 3316 VIII
565 3259 583 3316 6
604 3259 865 3334 virgineis-villis:
889 3258 1027 3336 Gaussin,
1049 3259 1184 3336 Huguet,
1197 3259 1322 3336 Langen
1345 3260 1437 3316 vittas
1457 3257 1660 3316 sacerdotales
1681 3257 1902 3330 intellexerunt,

293 3365 411 3442 quibus,
433 3375 467 3424 ut
488 3367 621 3425 Hecates
643 3368 789 3443 ministra,
813 3367 922 3426 Medea
938 3369 1082 3443 insignita
1092 3375 1191 3426 esset:
1214 3368 1333 3445 optime.
1349 3367 1499 3425 Maserius
1512 3374 1542 3424 et
1558 3386 1639 3443 seqq.
1655 3366 1693 3426 (16
1708 3367 1792 3424 vittis
1808 3367 1902 3442 virgi·

293 3473 414 3534 nulibus
429 3477 610 3552 cogitarunt.
693 3475 713 3533 8
726 3476 841 3536 somni:
854 3475 992 3534 Koestlin
1007 3483 1036 3534 et
1050 3476 1113 3536 Leo
1127 3477 1277 3554 explicant
1291 3475 1328 3533 de
1344 3475 1453 3534 Somno
1467 3475 1629 3549 (16666166
1644 3481 1774 3534 statuam
1790 3475 1901 3533 Medea

293 3585 323 3641 in
346 3583 483 3643 cubiculo
512 3583 668 3643 habuerit:
698 3583 752 3642 sed
773 3584 830 3644 boc
851 3586 915 3644 loco
941 3585 1050 3644 Medea
1072 3587 1101 3643 in
1123 3586 1296 3644 memoriam
1325 3590 1447 3642 revocat
1471 3584 1569 3642 dirum
1592 3584 1664 3641 illud
1693 3584 1840 3641 somnium
1862 3583 1900 3642 (16

290 3681 351 3764 quo'
371 3688 400 3745 V
421 3689 546 3748 333-40.
632 3690 668 3746 16
690 3690 854 3765 spernanda
884 3709 942 3747 non
964 3690 1003 3748 ad
1024 3690 1164 3748 Medeam
1191 3686 1382 3769 [Maseriusl.
1405 3687 1459 3746 sed
1481 3688 1520 3746 ad
1541 3687 1741 3746 medicamina
1764 3685 1848 3768 [Pius
1869 3697 1900 3748 et

292 3796 384 3879 seqq}
416 3795 607 3856 referendum
628 3809 683 3855 est.
767 3798 802 3855 21
825 3798 949 3873 prosilit
970 3818 1029 3857 non
1051 3818 1066 3856 e
1089 3797 1220 3856 thalamo
1248 3793 1452 3878 [Burmannus
1473 3805 1504 3854 et·
1525 3795 1648 3876 Buziol.
1670 3796 1725 3854 sed
1746 3816 1763 3854 e
1784 3798 1899 3874 palatiu

293 3905 442 3988 {Wagner
457 3913 487 3964 et
502 3905 605 3986 seqql.
689 3907 727 3964 22
742 3907 888 3980 [611666
903 3907 1031 3984 pedibus
1046 3914 1158 3965 terram
1174 3902 1396 3986 [Burmannusl.
1412 3904 1467 3962 sed
1481 3924 1552 3963 ense
1574 3905 1728 3982 scopulum
1749 3902 1900 3985 [Wagner

292 4021 323 4074 et
344 4012 446 4096 seqq.].
529 4015 568 4072 ‘29
590 4015 701 4074 colatis
728 4016 865 4075 cornibus
893 4017 976 4074 varie
1006 4017 1061 4073 riri
1084 4015 1164 4074 docti
1194 4015 1382 4092 interpretati
1404 4020 1484 4071 sunt.
1512 4013 1586 4070 Pius
1606 4011 1645 4072 (16
1664 4014 1829 4090 plenilunio
1850 4033 1898 4072 oo

289 4123 417 4200 gitavit;
439 4122 578 4199 Wagner
601 4122 638 4180 de
660 4123 801 4201 ecclipsi;
824 4122 1032 4192 Burmannus.
1058 4123 1234 4181 Delamalle.
1256 4121 1410 4180 Bendicho
1431 4141 1452 4198 y
1473 4118 1579 4198 Quilty
1600 4119 1638 4178 de
1659 4118 1810 4191 nubibus:
1832 4121 1898 4179 Ma-

289 4229 394 4302 serius,
411 4227 547 4298 Caussin,
563 4229 698 4305 Huguet,
715 4230 840 4306 Langen
856 4230 893 4288 de
908 4230 1068 4307 splendore
1084 4230 1239 4288 imminuto
1255 4228 1378 4306 pudoris
1393 4212 1487 4285 causa
1495 4246 1501 4284 :
1523 4231 1708 4303 postremum
1730 4226 1816 4284 malo.

289 4336 325 4390 61
351 4335 486 4393 abactam
507 4334 580 4392 Pius
596 4334 773 4412 explicavit:
796 4337 888 4412 longe,
906 4324 1036 4394 ductam.
1058 4336 1250 4394 Burmannus
1272 4343 1303 4393 et
1323 4353 1423 4409 seqq:
1446 4333 1580 4405 eiectam,
1603 4330 1811 4408 repudiatam:
1833 4351 1895 4389 rne-

290 4442 356 4498 lius.
439 4442 478 4498 62
500 4448 565 4501 arte
587 4443 705 4520 magica
726 4443 864 4503 Medeam
887 4442 1025 4502 effecisse
1046 4463 1083 4503 ne
1104 4443 1243 4502 Iasonem
1265 4442 1450 4517 conspiceret
1473 4439 1564 4497 draco
1586 4438 1722 4512 Causam,
1745 4438 1893 4507 16616166,

287 4548 420 4626 Huguet.
442 4549 589 4622 Koestlin,
612 4551 738 4627 Langen
753 4557 836 4610 recte
852 4553 1052 4611 coniecerunt.
1135 4552 1174 4609 82
1197 4552 1279 4608 varie
1301 4549 1379 4608 huno
1401 4549 1497 4606 locum
1519 4548 1576 4605 viri
1598 4545 1679 4604 docti
1701 4545 1889 4623 explicarunt

287 4663 318 4715 et-
339 4657 584 4717 emendavarunt.
613 4658 757 4718 Codicum
780 4661 934 4719 lectionem
965 4662 1073 4719 retinui
1096 4661 1139 4718 sic
1161 4660 1329 4736 explicans:
1352 4657 1444 4715 draco
1466 4675 1498 4714 se
1519 4655 1651 4713 excussit
1673 4672 1710 4712 no
1731 4673 1823 4730 super
1846 4673 1895 4710 ar-

287 4763 389 4823 borem
404 4765 508 4824 dulces
522 4786 640 4825 somnos
655 4774 785 4844 caperet.
869 4770 909 4864 60
924 4770 1049 4842 refluens
1063 4769 1173 4845 optime
1187 4766 1380 4825 Burmannus
1394 4773 1424 4823 et
1440 4765 1566 4841 Langen
1591 4762 1781 4840 interpretati
1803 4766 1891 4820 sunt:

285 4877 367 4931 retm
387 4872 490 4943 fluens,
514 4895 531 4932 a
552 4876 627 4932 mari
650 4875 688 4933 ad
709 4874 808 4934 fontes
830 4895 936 4934 versus
963 4874 1070 4934 fluens.
1094 4875 1206 4934 Contra
1227 4873 1318 4931 Pius:
1341 4874 1371 4930 in
1393 4871 1481 4929 aliam
1507 4879 1623 4949 partem
1645 4866 1759 4929 fluens:
1781 4868 1892 4927 Pinde-

285 4987 394 5041 monte.
409 4981 555 5060 Wagner.
578 4982 714 5056 Caussin,
729 4982 918 5061 Peerlkamp,
935 4983 1082 5042 Koestlin:
1105 4980 1268 5049 exundans,
1291 4981 1371 5038 ultra
1392 4981 1474 5058 ripas
1495 4975 1620 5036 effusus.
1702 4978 1743 5034 94
1762 4975 1895 5035 crudelia

285 5089 362 5146 male
383 5090 557 5164 genetivum
579 5088 706 5148 Caussin
727 5095 758 5148 et
778 5089 902 5167 Huguet
926 5090 1158 5148 intellexerunt:
1179 5088 1382 5146 nominativus
1403 5087 1482 5144 enim
1497 5091 1579 5144 recte
1593 5085 1770 5162 explicatur.
1853 5085 1894 5141 aas

285 5195 431 5274 Wagneri
464 5197 673 5274 interpretatio
704 5199 747 5256 ita
771 5217 803 5256 se
826 5195 934 5256 babet:
958 5198 1112 5275 praeclare
1134 5203 1233 5256 tecum
1254 5196 1303 5270 agi
1325 5202 1433 5272 putes.
1456 5193 1535 5269 quod
1556 5193 1638 5251 vitae
1659 5193 1767 5250 saltem
1787 5212 1895 5270 peper-

285 5305 398 5364 cerim:
419 5304 475 5363 sed
496 5305 581 5364 male.
602 5305 715 5364 Sensus
743 5311 805 5364 est:
835 5325 890 5364 nec
911 5311 941 5364 te
962 5307 1069 5364 saltem
1097 5305 1210 5383 peremi
1234 5309 1267 5361 ut
1289 5301 1430 5361 acerbum
1459 5301 1611 5377 effugeres
1639 5300 1772 5359 dolorem
1792 5301 1841 5376 qui
1864 5308 1895 5358 te

281 5431 352 5470 oras
374 5419 474 5472 manet
495 5411 578 5494 [Pius
599 5420 630 5471 et
651 5413 753 5494 66661.
839 5416 892 5473 101
912 5415 1015 5474 umbro
1034 5433 1093 5472 non
1109 5411 1226 5471 arboris
1249 5409 1340 5491 [Pius.
1362 5409 1563 5482 Burmannus,
1579 5409 1725 5467 Lemaire.
1741 5405 1895 5488 Huguetl:

280 5519 337 5578 sed
359 5521 452 5596 ipsius
474 5521 613 5580 draconis
634 5519 798 5602 [Barthius,
821 5521 973 5598 Wagner.
998 5518 1146 5600 Caussinl.
1232 5520 1291 5576 110
1309 5537 1366 5593 prr
1388 5517 1507 5592 iprum:
1527 5536 1582 5595 per
1603 5518 1701 5594 ipsum
1721 5516 1893 5574 draconem.

280 5633 313 5685 ut
336 5627 526 5688 Burmannus
547 5637 577 5688 et
598 5650 679 5706 seqq.
710 5631 821 5690 Contra
844 5630 935 5688 Pius:
967 5649 1021 5707 per
1048 5635 1078 5688 te
1107 5630 1224 5706 ipsum:
1254 5627 1300 5683 rir
1321 5625 1428 5683 doctus
1450 5625 1479 5682 in
1501 5644 1596 5700 marg.
1625 5623 1701 5682 Bou.
1724 5624 1738 5681 l
1760 5631 1789 5682 et
1812 5624 1892 5681 Ben-
