4867 6734
821 595 1141 652 PROLEGOMBNON
1166 593 1295 649 CAPVT
1313 594 1365 650 lv.
1831 600 1903 655 XLl

291 760 406 835 lologus
426 757 473 840 Ll.
554 757 615 816 382
636 763 667 815 et
688 775 770 832 seqq.
792 755 821 812 in
842 754 1087 829 Argonautarum
1108 753 1332 812 enumeratione
1351 751 1378 810 si
1399 751 1519 812 codices
1533 754 1694 830 sequimur,
1713 757 1740 814 ei
1755 758 1835 835 parti
1851 756 1903 816 ubi

291 867 441 925 Hercules
463 865 550 926 sedet
571 865 679 942 viginti
701 870 785 938 tres,
807 863 894 922 alteri
917 867 1017 920 autem
1038 860 1228 936 undeviginti
1249 861 1381 936 remiges
1404 859 1597 920 tribuuntur:
1627 863 1707 938 quod
1734 866 1841 924 vitium
1869 871 1906 926 ut

291 974 451 1032 tolleretur
470 969 716 1042 Kennerlrneoht‚
732 971 779 1030 eui
794 969 920 1046 Langen
942 968 1121 1046 astipulatus
1141 973 1196 1035 est,
1218 987 1325 1027 versus
1345 969 1460 1028 edalo
1481 973 1550 1048 post
1563 991 1592 1030 v.
1604 971 1665 1030 382
1678 972 1791 1048 optime
1805 980 1904 1034 trans-

295 1082 406 1160 posuit.
429 1080 588 1160 Correptio
609 1081 674 1138 sine
695 1077 787 1137 dubio
808 1077 877 1137 inde
897 1081 999 1136 exorta
1020 1083 1066 1136 est
1087 1077 1167 1154 qnod
1189 1075 1334 1135 librarius
1355 1097 1374 1134 a
1393 1096 1468 1136 voce
1481 1079 1644 1154 magistros
1664 1101 1691 1138 v.
1713 1081 1773 1140 382
1789 1083 1827 1142 ad
1841 1104 1904 1144 nra-

290 1188 382 1262 pietri
404 1209 434 1248 v.
456 1188 518 1246 410
538 1185 712 1246 aberravit:
736 1205 795 1261 qua
815 1185 854 1244 de
874 1203 966 1244 causa
987 1202 1093 1243 versus
1107 1183 1223 1242 403-10
1236 1189 1300 1242 tum
1314 1182 1354 1241 ad
1368 1185 1536 1259 marginem
1550 1185 1705 1265 adscripti.
1721 1194 1827 1265 postea
1840 1192 1905 1252 loco

293 1298 390 1357 alieno
411 1295 518 1354 inserti
538 1300 618 1352 suut.
700 1293 793 1352 tote
822 1291 905 1360 Pius,
940 1289 1140 1358 Burmannus,
1163 1289 1310 1364 Genesin,
1331 1291 1476 1366 Huguet,
1498 1291 1594 1362 Ellis,
1616 1293 1803 1356 Samuellson
1825 1299 1904 1360 hunc

295 1402 456 1462 verborum
478 1399 613 1460 ordinem
635 1399 874 1459 constituerunt:
896 1417 956 1456 nna
975 1416 1043 1456 cum
1063 1397 1137 1456 Iove
1158 1415 1262 1455 omnes
1283 1397 1418 1473 gaudent
1438 1399 1540 1476 superi
1561 1404 1591 1457 et
1612 1399 1728 1460 Parcae
1742 1421 1817 1477 quae
1831 1424 1857 1463 c.
1873 1426 1903 1463 v.

295 1535 334 1572 m.
357 1517 379 1570 t.
401 1515 432 1568 et
453 1511 520 1570 vies
541 1509 599 1568 sibi
621 1527 766 1568 erescere.
789 1507 927 1583 Wagner
947 1507 991 1565 sio
1012 1507 1159 1584 explicat:
1182 1525 1243 1564 una
1262 1506 1398 1581 gaudent
1417 1508 1518 1584 nuperi
1541 1506 1578 1567 de
1599 1509 1688 1568 laetis
1702 1531 1777 1587 quae
1793 1514 1906 1574 mundo

294 1627 423 1680 ventura
444 1619 506 1677 sint
529 1617 715 1696 temporibus
736 1624 767 1676 et
787 1617 902 1676 Parcae
923 1635 999 1692 quae
1020 1635 1046 1674 c.
1070 1635 1096 1674 v.
1119 1634 1143 1673 s.
1160 1635 1195 1690 c.,
1211 1615 1298 1692 eique
1312 1614 1400 1672 Thilo
1421 1615 1534 1674 olimst
1547 1615 1677 1676 Schenkl
1694 1622 1809 1680 assensi
1823 1629 1903 1682 sunt.

294 1729 492 1790 Pindemonte
514 1733 544 1786 et
566 1726 702 1786 Koestlin
724 1727 767 1784 ita
787 1721 883 1784 verba
903 1721 1112 1800 coniungenda
1131 1741 1198 1781 esse
1220 1728 1348 1801 putant:
1369 1744 1517 1783 unacum
1538 1725 1611 1784 Iove
1637 1746 1739 1787 omnes
1768 1729 1905 1805 gaudent

295 1839 395 1916 superi
417 1843 448 1898 et
469 1843 604 1914 tempora
625 1841 753 1895 ventura
774 1833 885 1893 mundo
905 1839 936 1892 et
955 1833 1070 1893 Pareae
1091 1852 1167 1909 quae
1188 1853 1213 1892 e.
1236 1853 1260 1892 s.
1283 1853 1308 1892 c.
1331 1853 1358 1891 v.
1380 1833 1428 1892 Pii
1450 1835 1677 1911 explicationem
1704 1856 1808 1897 veram
1836 1859 1905 1899 esse

297 1943 412 2021 opinor.
494 1942 555 2001 515
577 1960 675 2002 reram
697 1940 911 2015 intellegenon
925 1943 1195 2015 rerumgestarum
1216 1935 1446 2019 [Zinzerlingus.
1462 1939 1608 2016 Wagner.
1630 1940 1774 2024 Huguetl,
1790 1945 1845 2002 sed
1859 1965 1907 2006 re·

299 2072 365 2110 rum
387 2049 569 2109 naturalium
589 2045 792 2128 [Burmannus
813 2051 843 2104 et
864 2042 967 2126 seqql.
1050 2045 1163 2104 sae-24
1185 2044 1234 2103 hic
1254 2045 1337 2102 loeus
1364 2063 1424 2102 nou
1444 2045 1534 2103 nullis
1555 2054 1713 2124 suspectus
1744 2049 1822 2112 fuit,
1850 2053 1906 2112 sed

299 2157 475 2216 Summersii
497 2153 654 2231 explicatio
675 2157 758 2210 recte
778 2170 811 2208 se
832 2149 932 2209 habet:
958 2151 1062 2208 ‹calls
1081 2148 1130 2209 for
1150 2169 1221 2208 sons
1243 2151 1272 2208 in
1294 2151 1353 2208 law
1375 2150 1436 2209 and
1457 2151 1567 2211 invites
1582 2151 1633 2210 the
1647 2153 1737 2214 lauda
1757 2159 1863 2218 united
1874 2161 1904 2218 in

300 2261 389 2322 blood
409 2267 440 2320 to
460 2257 585 2319 himself
601 2255 643 2340 [tn
664 2257 740 2316 send
760 2253 862 2338 thernl.
887 2281 900 2314 a
984 2256 1045 2316 538
1070 2257 1207 2316 Tanain:
1227 2257 1332 2334 paucis
1354 2258 1449 2334 iisque
1474 2258 1597 2317 incertis
1627 2261 1699 2320 locis
1729 2259 1788 2342 [cfr
1807 2264 1905 2324 thf-

298 2370 351 2430 flin
372 2367 465 2430 Arch.
487 2363 595 2450 1422]
617 2373 787 2428 tannecum
808 2365 983 2424 accusativo
1014 2364 1214 2440 coniungitur,
1244 2385 1333 2440 quam
1364 2363 1402 2422 ob
1429 2384 1502 2441 rem,
1531 2365 1750 2428 Bononiensem
1778 2372 1904 2431 alteram

296 2481 426 2536 secutus.
453 2474 549 2534 Tanai
571 2473 689 2550 scripsi.
712 2470 856 2532 Codicum
877 2471 1034 2529 lectionem
1055 2469 1242 2530 Samuellson
1263 2489 1358 2548 nuper
1372 2472 1519 2544 servavit,
1540 2472 1656 2533 Tanain
1670 2474 1801 2551 pendere
1815 2495 1851 2535 ex
1865 2479 1907 2538 cd

296 2582 518 2660 praepositione
539 2586 569 2640 et
591 2586 674 2640 tenus
695 2577 774 2636 idem
795 2595 862 2636 esse
884 2583 972 2653 atque
994 2597 1087 2654 usque
1101 2583 1201 2649 ratns;
1216 2577 1377 2636 Porcellini
1391 2597 1507 2654 quoque
1521 2577 1576 2637 hoc
1591 2581 1655 2639 loco
1670 2587 1753 2642 lenas
1767 2582 1904 2644 adverbii

295 2690 391 2748 vicem
412 2687 549 2747 obtinere
570 2693 675 2766 putat:
698 2685 806 2762 quibus
828 2705 887 2744 uon
909 2686 1065 2745 assentior.
1148 2685 1240 2744 6804
1265 2685 1311 2744 his
1330 2684 1470 2745 versibus
1485 2686 1621 2765 plausum
1636 2688 1802 2764 significari
1821 2693 1904 2758 Pius.

294 2797 458 2872 Heinsius,
478 2795 535 2854 Ph.
557 2793 714 2872 Wagner,
735 2791 890 2853 Bendicho
910 2812 931 2870 y
952 2791 1076 2870 Quiny,
1096 2791 1220 2866 Pirani,
1246 2790 1430 2850 Samuellson
1461 2797 1542 2851 recte
1568 2799 1772 2870 putaverunt:
1801 2807 1907 2860 contra

295 2903 402 2963 Carrio
416 2921 484 2962 cnm
498 2900 621 2970 Alardo,
631 2898 798 2977 Wagnero‚
818 2897 1025 2972 Pindemonte,
1041 2895 1196 2971 Caussino,
1211 2897 1355 2972 Langeno
1369 2915 1476 2974 preces
1490 2896 1735 2975 Argonautarum
1749 2905 1904 2965 intellexit.

377 3007 436 3066 749
456 3007 590 3081 famulor
612 3011 698 3064 artes
717 3003 791 3062 Pius
811 3004 961 3080 intellegit
982 3015 1065 3062 artus
1086 3003 1255 3062 servientes
1269 3003 1420 3080 corporeis
1433 3003 1729 3080 perturbationibus;
1745 3009 1904 3085 Maserius,

295 3116 443 3194 Wagner,
459 3114 606 3189 Lemaire,
621 3112 748 3190 Hnguet
763 3129 871 3190 corpus
885 3110 964 3186 quod
979 3111 1104 3182 animae,
1119 3113 1163 3170 rei
1177 3111 1309 3186 divinae,
1325 3111 1454 3183 serviat;
1469 3111 1671 3191 Burmannus,
1685 3115 1741 3176 Ph.
1757 3118 1904 3197 Wagner,

295 3222 349 3281 Ph.
372 3221 481 3290 Reuss,
504 3221 555 3280 alii
578 3223 662 3278 artus
680 3219 783 3278 Peliae
803 3219 1022 3277 inservientes:
1043 3217 1122 3294 quod
1142 3217 1246 3296 probo.
1330 3219 1388 3277 755
1408 3218 1482 3278 Pius
1502 3227 1535 3280 et
1551 3221 1744 3283 Burmannus
1758 3225 1797 3286 de
1810 3231 1903 3288 sacri·

296 3333 364 3391 licio
384 3329 529 3410 parando,
551 3328 699 3406 Wagner,
721 3327 898 3398 Delamalle,
918 3326 1092 3398 Weichert,
1114 3326 1259 3405 Huguet,
1280 3327 1316 3386 a.
1338 3327 1457 3399 Reuss,
1480 3327 1622 3408 Gebbing
1643 3331 1681 3391 de
1701 3335 1849 3395 sacrificio
1869 3337 1904 3396 fi-

295 3439 405 3500 niendo
425 3438 580 3498 Valerium
602 3437 753 3512 cogitasse
775 3435 974 3494 coniecerunt.
995 3433 1121 3494 Bestius
1141 3433 1268 3510 Langen
1289 3434 1468 3495 sacrificium
1490 3435 1700 3516 interruptum,
1713 3441 1792 3516 quod
1812 3444 1852 3502 ad
1873 3466 1902 3504 v.

296 3551 357 3610 774
377 3549 528 3626 expletum
548 3550 605 3615 est,
618 3544 772 3604 intellexit.
794 3545 934 3604 smerdes
955 3541 1010 3602 hoc
1030 3543 1095 3602 loco
1115 3547 1162 3602 est
1182 3541 1372 3613 Alcimedes3
1393 3541 1472 3619 quod
1493 3550 1616 3622 propter
1635 3547 1813 3624 Langennm
1826 3550 1903 3610 dico.

377 3654 436 3713 780
452 3652 530 3711 falso
551 3651 687 3725 Vossius,
707 3649 909 3708 Burmannus.
931 3647 1106 3718 Delamalle‚
1122 3647 1260 3720 Caussin,
1274 3648 1408 3727 Huguet,
1423 3648 1537 3720 Pirani,
1550 3651 1601 3708 alii
1614 3658 1736 3729 praeter
1756 3654 1904 3716 Aesonem

295 3769 325 3820 et
339 3761 517 3820 Alcimeden
538 3779 643 3835 sagam
663 3757 814 3835 quandam
824 3757 931 3816 adesse
945 3757 1162 3828 existimaruut3
1177 3755 1313 3815 hocloco
1327 3756 1407 3814 enim
1419 3756 1591 3816 Alcimedes
1604 3759 1671 3836 ipsa
1684 3759 1839 3820 Thessalis
1853 3782 1904 3822 vo

296 3865 761 3950 ‹·stur[Pindemonte,Wagner,
770 3863 936 3940 Weicbert,
947 3863 1043 3934 Thilo,
1054 3862 1190 3940 Damste,
1205 3861 1351 3944 Langeul.
1434 3863 1493 3923 782
1514 3865 1596 3924 locus
1616 3868 1766 3945 explicatu
1786 3869 1905 3930 difficil-

296 3979 406 4038 limus:
428 3977 501 4054 quid
521 3975 601 4036 enim
621 3982 702 4036 retro
724 3993 842 4034 carmen
864 3994 953 4049 apaan
972 3972 1124 4052 significet
1144 3971 1361 4050 perobscurum
1378 3978 1434 4030 est.
1448 3973 1522 4031 Pius
1536 3975 1580 4033 ita
1593 3977 1741 4054 explicat:
1756 3979 1905 4038 reiterans

297 4088 344 4147 vel
368 4091 509 4146 avertens
529 4103 562 4142 se
583 4083 654 4142 dum
676 4082 768 4154 dicit;
783 4069 886 4154 Buaio,
901 4082 1048 4159 Wagner,
1063 4079 1197 4158 Huguet,
1212 4079 1335 4139 Pisani:
1351 4099 1473 4140 carmen
1490 4082 1691 4160 interruptum
1706 4089 1795 4144 autea
1807 4086 1904 4145 denuo

296 4191 465 4270 incipiens;
486 4187 672 4248 Delamalle:
695 4193 776 4246 retro
797 4185 908 4246 cedens
929 4184 1000 4244 dum
1021 4204 1142 4244 cannen
1160 4185 1251 4258 dicit;
1266 4183 1384 4259 Iaoobs,
1399 4183 1545 4261 Koestlin,
1562 4185 1706 4265 Seyffert,
1720 4190 1821 4268 Bury:
1837 4212 1906 4269 pro·

296 4303 399 4360 terens
420 4317 541 4358 carmen
563 4315 620 4372 quo
640 4294 764 4354 umbras
785 4301 927 4354 evocatas
948 4295 1085 4372 pristinis
1106 4295 1169 4352 suis
1189 4291 1314 4352 sedibus
1333 4293 1462 4367 reddat;
1483 4295 1608 4355 Braun:
1629 4317 1751 4358 carmen
1773 4285 1906 4362 recitans

298 4427 357 4483 quo
378 4405 502 4466 umbras
524 4403 664 4464 Orethaei
685 4423 721 4462 ex
742 4401 848 4462 inseris
869 4401 908 4461 ad
928 4421 1053 4480 superos
1075 4409 1157 4461 retro
1178 4406 1271 4479 agat;
1292 4401 1486 4481 Bendichoy
1508 4403 1631 4484 Qttilty:
1655 4427 1776 4468 carmen
1800 4411 1907 4473 diceus

299 4539 313 4568 ι
331 4514 369 4573 de
391 4512 516 4590 espalda
532 4535 548 4568 s
571 4511 602 4570 id
624 4517 670 4570 est
694 4511 772 4569 «sin
793 4512 897 4570 volver
917 4511 947 4568 la
969 4529 1040 4570 cara
1055 4528 1088 4584 »;
1109 4510 1316 4569 Pindemonte:
1341 4537 1355 4561 α
1370 4510 1411 4569 da
1430 4512 1557 4571 l'ultimo
1576 4515 1605 4572 al
1619 4516 1744 4592 primier
1756 4537 1811 4576 oon
1825 4525 1906 4578 torto

297 4627 425 4700 opposto
446 4621 533 4680 ordin
556 4619 705 4680 cantando
722 4638 757 4692 »3
780 4619 983 4678 Samuellson:
1006 4638 1126 4678 carmen
1148 4620 1191 4677 ita
1212 4619 1317 4696 legens
1338 4625 1372 4677 ut
1392 4640 1411 4678 a
1431 4618 1491 4680 fine
1511 4640 1618 4680 versus
1638 4623 1686 4682 vel
1701 4627 1843 4685 carminis
1859 4647 1906 4687 re·

295 4742 413 4788 trorsus
428 4728 632 4806 persingulas
652 4725 786 4805 syllabas
798 4733 850 4786 ant
863 4745 918 4805 per
931 4727 1051 4806 singula
1064 4725 1159 4786 verba
1174 4728 1344 4804 replicetur.
1366 4727 1453 4786 Haeo
1474 4728 1567 4788 verba
1587 4731 1661 4806 quid
1680 4731 1740 4791 sibi
1762 4733 1856 4792 velint
1871 4755 1905 4793 se

298 4857 355 4896 non
370 4837 547 4914 intellegere
554 4835 641 4895 Thilo
651 4834 773 4896 fatetur:
794 4835 1262 4911 Ph.Wagner,Hirschwaelder,
1278 4835 1419 4906 Schenkl,
1434 4835 1599 4908 Baehrens,
1614 4836 1765 4918 Gebbing,
1781 4841 1907 4919 Langen

297 4947 479 5024 scripturam
500 4943 643 5004 traditam
665 4944 748 5003 varie
768 4949 962 5003 vexaverimt.
985 4942 1060 5001 Mihi
1081 4947 1181 5002 autem
1202 4945 1301 5020 magis
1321 4943 1518 5022 explicatione
1545 4965 1634 5020 quam
1663 4949 1837 5007 coniectura
1857 4948 1908 5008 hic

297 5055 381 5112 locus
395 5069 486 5130 egere
500 5050 639 5112 videtur:
655 5051 710 5110 sed
720 5049 866 5126 quomodo
881 5057 961 5111 retro
975 5069 1093 5110 carmen
1108 5069 1197 5125 upana
1210 5051 1444 5128 interpretemur
1457 5070 1516 5109 non
1527 5053 1628 5128 liquet.
1642 5053 1773 5114 Iaoobsii
1784 5057 1906 5132 quidem

297 5161 456 5238 explicatio
478 5158 549 5218 mihi
571 5159 647 5218 satis
668 5157 790 5230 arridet,
813 5157 867 5216 sed
889 5157 1023 5217 iudicent
1043 5158 1201 5217 doctiores.
1283 5158 1344 5218 830
1361 5159 1411 5234 qni
1426 5160 1457 5216 in
1472 5160 1609 5236 margine
1622 5159 1735 5220 codicis
1749 5162 1904 5223 (terrionis

298 5285 406 5325 versus
427 5267 560 5324 insertus
580 5271 706 5324 estnon
728 5263 875 5342 displicet,
898 5263 961 5335 sed,
984 5284 1051 5323 cum
1073 5265 1103 5324 in
1124 5262 1210 5323 libris
1232 5263 1399 5343 potioribus
1420 5264 1560 5336 defuerit,
1582 5285 1650 5326 eum
1664 5268 1745 5326 nolui
1760 5270 1906 5346 accipere.

378 5371 447 5432 Lib.
469 5373 503 5431 H
526 5373 617 5432 15-16
639 5372 668 5432 iu
690 5373 883 5433 nahem-Ossa
912 5373 990 5432 redit
1016 5373 1090 5432 Pius
1119 5379 1150 5431 et
1177 5373 1364 5432 Samuellson
1393 5375 1651 5452 interpretantur:
1680 5374 1759 5435 Ossa
1779 5378 1909 5455 erigitur

298 5501 394 5557 usqne
414 5481 453 5538 ad
474 5479 580 5540 nubes.
603 5479 715 5538 Contra
734 5480 891 5553 Maserius,
914 5480 1126 5543 Burmannus.
1149 5499 1251 5556 seqq.:
1273 5479 1352 5540 Ossa
1372 5482 1592 5559 longinquitate
1612 5485 1737 5542 evanuit
1757 5485 1804 5542 vel
1824 5483 1906 5543 nube

299 5595 397 5648 tecta:
420 5589 535 5646 melius.
617 5587 657 5645 58
680 5587 833 5648 uno-Bure
856 5593 937 5646 recte
959 5588 1145 5664 explicatur:
1168 5587 1240 5646 dum
1261 5589 1343 5648 solus
1365 5589 1466 5647 Eurus
1480 5587 1543 5647 flat.
1557 5589 1613 5647 Ph.
1630 5589 1768 5665 Wagner
1782 5611 1910 5669 aaopro

1785 5725 1803 5778 Ι
